<!DOCTYPE html><html lang="en"><head nonce="TJkImobqdXUp4NaP"><link href="//dis.criteo.com" rel="dns-prefetch"/><link href="//ib.adnxs.com" rel="dns-prefetch"/><link href="//secure-assets.rubiconproject.com" rel="dns-prefetch"/><link href="//beam.hlserve.com" rel="dns-prefetch"/><link href="//pubads.g.doubleclick.net" rel="dns-prefetch"/><link href="//omniture-ssl.walmart.com" rel="dns-prefetch"/><link href="//omniture.walmart.com" rel="dns-prefetch"/><link href="//p.typekit.net" rel="dns-prefetch"/><link href="//pagead2.googlesyndication.com" rel="dns-prefetch"/><link href="//partner.googleadservices.com" rel="dns-prefetch"/><link href="//tpc.googlesyndication.com" rel="dns-prefetch"/><link href="//beacon.walmart.com" rel="dns-prefetch"/><link href="//b.wal.co" rel="dns-prefetch"/><link href="//i5.walmartimages.com" rel="dns-prefetch"/><meta name="viewport" content="width=device-width"/><meta charset="utf-8"/><meta property="fb:app_id" content="105223049547814"/><link rel="preload" crossorigin="anonymous" href="https://i5.walmartimages.com/dfw/63fd9f59-a78c/fcfae9b6-2f69-4f89-beed-f0eeb4237946/v1/BogleWeb_subset-Bold.woff2" as="font" type="font/woff2"/><link rel="preload" crossorigin="anonymous" href="https://i5.walmartimages.com/dfw/63fd9f59-a78c/fcfae9b6-2f69-4f89-beed-f0eeb4237946/v1/BogleWeb_subset-Regular.woff2" as="font" type="font/woff2"/><script defer="" src="https://www.walmart.com/px/PXu6b0qd2S/init.js" nonce="TJkImobqdXUp4NaP"></script><script nonce="TJkImobqdXUp4NaP">var _bcq = _bcq || [];_bcq.push(['_setOptions', { start_time: (new Date()).getTime(), bd: 'beacon.walmart.com', bh: 'beacon.lightestwithqm.walmart.com', sv: '1.0.59' }]);</script><script async="" nonce="TJkImobqdXUp4NaP" src="//i5.walmartimages.com/beacon/beacon.js?bd=beacon.walmart.com&amp;bh=beacon.lightestwithqm.walmart.com"></script><link rel="preload" as="image" href="//i5.walmartimages.com/dfw/63fd9f59-b3e1/7a569e53-f29a-4c3d-bfaf-6f7a158bfadd/v1/walmartLogo.svg"/><title>mac and cheese - Walmart.com</title><meta property="og:title" content="mac and cheese - Walmart.com"/><meta name="description" property="og:description" content="mac and cheese - Walmart.com"/><meta property="og:image" content="https://i5.walmartimages.com/asr/d7a51136-b782-4cd6-822e-d982bc980fbf.21e4e663021c64e9a5bcf76b97160c2e.png?odnHeight=180&amp;odnWidth=180&amp;odnBg=ffffff"/><meta name="next-head-count" content="13"/><link nonce="TJkImobqdXUp4NaP" rel="preload" href="https://i5.walmartimages.com/dfw/63fd9f59-7f10/f39d4daf-be64-4c7a-b470-b7275856c4da/v2/_next/static/css/a6cad371ba458043f84b.css" as="style"/><link nonce="TJkImobqdXUp4NaP" rel="stylesheet" href="https://i5.walmartimages.com/dfw/63fd9f59-7f10/f39d4daf-be64-4c7a-b470-b7275856c4da/v2/_next/static/css/a6cad371ba458043f84b.css" data-n-g=""/><noscript data-n-css="TJkImobqdXUp4NaP"></noscript><script defer="" nonce="TJkImobqdXUp4NaP" nomodule="" src="https://i5.walmartimages.com/dfw/63fd9f59-7f10/f39d4daf-be64-4c7a-b470-b7275856c4da/v2/_next/static/chunks/polyfills-4a4cd472cd681630e092.js"></script><script defer="" src="https://i5.walmartimages.com/dfw/63fd9f59-7f10/f39d4daf-be64-4c7a-b470-b7275856c4da/v2/_next/static/chunks/114.8a9393ce6f514d1111d4.js" nonce="TJkImobqdXUp4NaP"></script><script defer="" src="https://i5.walmartimages.com/dfw/63fd9f59-7f10/f39d4daf-be64-4c7a-b470-b7275856c4da/v2/_next/static/chunks/5404.c7311845d9a2d5f4eca4.js" nonce="TJkImobqdXUp4NaP"></script><script defer="" src="https://i5.walmartimages.com/dfw/63fd9f59-7f10/f39d4daf-be64-4c7a-b470-b7275856c4da/v2/_next/static/chunks/345.e836dcb95cf580f4c8b6.js" nonce="TJkImobqdXUp4NaP"></script><script defer="" src="https://i5.walmartimages.com/dfw/63fd9f59-7f10/f39d4daf-be64-4c7a-b470-b7275856c4da/v2/_next/static/chunks/1923.60c59f27ac123974a5a3.js" nonce="TJkImobqdXUp4NaP"></script><script defer="" src="https://i5.walmartimages.com/dfw/63fd9f59-7f10/f39d4daf-be64-4c7a-b470-b7275856c4da/v2/_next/static/chunks/513.e2c279cac08a255e6196.js" nonce="TJkImobqdXUp4NaP"></script><script defer="" src="https://i5.walmartimages.com/dfw/63fd9f59-7f10/f39d4daf-be64-4c7a-b470-b7275856c4da/v2/_next/static/chunks/5850.a0d738b891bae7f7a90b.js" nonce="TJkImobqdXUp4NaP"></script><script defer="" src="https://i5.walmartimages.com/dfw/63fd9f59-7f10/f39d4daf-be64-4c7a-b470-b7275856c4da/v2/_next/static/chunks/4940.0702e551222c7f7a35eb.js" nonce="TJkImobqdXUp4NaP"></script><script defer="" src="https://i5.walmartimages.com/dfw/63fd9f59-7f10/f39d4daf-be64-4c7a-b470-b7275856c4da/v2/_next/static/chunks/8350.a525c7be02eb14119f5a.js" nonce="TJkImobqdXUp4NaP"></script><script defer="" src="https://i5.walmartimages.com/dfw/63fd9f59-7f10/f39d4daf-be64-4c7a-b470-b7275856c4da/v2/_next/static/chunks/1484.e3415b8c02e1209834b2.js" nonce="TJkImobqdXUp4NaP"></script><script defer="" src="https://i5.walmartimages.com/dfw/63fd9f59-7f10/f39d4daf-be64-4c7a-b470-b7275856c4da/v2/_next/static/chunks/7965.c2687eb683134bd56abb.js" nonce="TJkImobqdXUp4NaP"></script><script defer="" src="https://i5.walmartimages.com/dfw/63fd9f59-7f10/f39d4daf-be64-4c7a-b470-b7275856c4da/v2/_next/static/chunks/1903-8c69837eddb17e0f0163.js" nonce="TJkImobqdXUp4NaP"></script><script defer="" src="https://i5.walmartimages.com/dfw/63fd9f59-7f10/f39d4daf-be64-4c7a-b470-b7275856c4da/v2/_next/static/chunks/861.4ef8a61d1d5ca854f61c.js" nonce="TJkImobqdXUp4NaP"></script><script defer="" src="https://i5.walmartimages.com/dfw/63fd9f59-7f10/f39d4daf-be64-4c7a-b470-b7275856c4da/v2/_next/static/chunks/6107.769f43df21235b30b777.js" nonce="TJkImobqdXUp4NaP"></script><script defer="" src="https://i5.walmartimages.com/dfw/63fd9f59-7f10/f39d4daf-be64-4c7a-b470-b7275856c4da/v2/_next/static/chunks/6559.7298e4d28b5bf0d675a0.js" nonce="TJkImobqdXUp4NaP"></script><script src="https://i5.walmartimages.com/dfw/63fd9f59-7f10/f39d4daf-be64-4c7a-b470-b7275856c4da/v2/_next/static/chunks/webpack-2546359339992df33c5d.js" nonce="TJkImobqdXUp4NaP" defer=""></script><script src="https://i5.walmartimages.com/dfw/63fd9f59-7f10/f39d4daf-be64-4c7a-b470-b7275856c4da/v2/_next/static/chunks/main-d4882edf5cbeb331f61e.js" nonce="TJkImobqdXUp4NaP" defer=""></script><script src="https://i5.walmartimages.com/dfw/63fd9f59-7f10/f39d4daf-be64-4c7a-b470-b7275856c4da/v2/_next/static/chunks/pages/_app-f9edd3495969c1e52d37.js" nonce="TJkImobqdXUp4NaP" defer=""></script><script src="https://i5.walmartimages.com/dfw/63fd9f59-7f10/f39d4daf-be64-4c7a-b470-b7275856c4da/v2/_next/static/chunks/329-caa8803105e2b7a44bcc.js" nonce="TJkImobqdXUp4NaP" defer=""></script><script src="https://i5.walmartimages.com/dfw/63fd9f59-7f10/f39d4daf-be64-4c7a-b470-b7275856c4da/v2/_next/static/chunks/2121-c11ad5a65b46e65e1de7.js" nonce="TJkImobqdXUp4NaP" defer=""></script><script src="https://i5.walmartimages.com/dfw/63fd9f59-7f10/f39d4daf-be64-4c7a-b470-b7275856c4da/v2/_next/static/chunks/9315-6acf961cd8745b415fc7.js" nonce="TJkImobqdXUp4NaP" defer=""></script><script src="https://i5.walmartimages.com/dfw/63fd9f59-7f10/f39d4daf-be64-4c7a-b470-b7275856c4da/v2/_next/static/chunks/8378-2033cda9a963a50bfaa9.js" nonce="TJkImobqdXUp4NaP" defer=""></script><script src="https://i5.walmartimages.com/dfw/63fd9f59-7f10/f39d4daf-be64-4c7a-b470-b7275856c4da/v2/_next/static/chunks/7124-2b7854e70e859a5e16b0.js" nonce="TJkImobqdXUp4NaP" defer=""></script><script src="https://i5.walmartimages.com/dfw/63fd9f59-7f10/f39d4daf-be64-4c7a-b470-b7275856c4da/v2/_next/static/chunks/8340-16e7cfaa8392bc349d0f.js" nonce="TJkImobqdXUp4NaP" defer=""></script><script src="https://i5.walmartimages.com/dfw/63fd9f59-7f10/f39d4daf-be64-4c7a-b470-b7275856c4da/v2/_next/static/chunks/4580-3634e1f9b5b84bece6cc.js" nonce="TJkImobqdXUp4NaP" defer=""></script><script src="https://i5.walmartimages.com/dfw/63fd9f59-7f10/f39d4daf-be64-4c7a-b470-b7275856c4da/v2/_next/static/chunks/9402-5ee4199130f2d062cc32.js" nonce="TJkImobqdXUp4NaP" defer=""></script><script src="https://i5.walmartimages.com/dfw/63fd9f59-7f10/f39d4daf-be64-4c7a-b470-b7275856c4da/v2/_next/static/chunks/pages/search-caf1428ce2ab87422e4e.js" nonce="TJkImobqdXUp4NaP" defer=""></script><script src="https://i5.walmartimages.com/dfw/63fd9f59-7f10/f39d4daf-be64-4c7a-b470-b7275856c4da/v2/_next/static/production_20211006T193458787Z/_buildManifest.js" nonce="TJkImobqdXUp4NaP" defer=""></script><script src="https://i5.walmartimages.com/dfw/63fd9f59-7f10/f39d4daf-be64-4c7a-b470-b7275856c4da/v2/_next/static/production_20211006T193458787Z/_ssgManifest.js" nonce="TJkImobqdXUp4NaP" defer=""></script><script nonce="TJkImobqdXUp4NaP">var TBRewriteHostAltWeight = 10.000000;</script><script async="async" defer="defer" src="//i5.walmartimages.com/a14/capabilities.min.js" nonce="TJkImobqdXUp4NaP"></script></head><body><div id="__next"><div class=""><div data-testid="layout-container" class="flex flex-column min-vh-100 shadow-2" style="transform:none;transition:transform .2s"><span><a link-identifier="Generic Name" href="#maincontent" class="slider left-0 top-0 fixed bg-white-90">Skip to Main Content</a><header class="bg-blue fixed w-100 z-1 top-0"><div class="center flex items-center justify-center pa4"><a link-identifier="walmartLogo" aria-label="Walmart Homepage" class="flex-none mr3" href="/"><img loading="lazy" alt="Walmart" class="db" height="32" src="//i5.walmartimages.com/dfw/63fd9f59-b3e1/7a569e53-f29a-4c3d-bfaf-6f7a158bfadd/v1/walmartLogo.svg" width="130"/></a><div class="relative"><button type="button" class="flex items-center no-underline ph3 white desktop-header-trigger lh-title b pointer ba b--transparent bg-transparent sans-serif" style="border-radius:100px;height:40px;transition:all 100ms cubic-bezier(0.77, 0, 0.175, 1)" aria-haspopup="true" aria-expanded="false"><i class="ld ld-Grid mr2" style="font-size:1rem;vertical-align:-0.175em" aria-hidden="true"></i>Departments</button><div class="absolute bg-white br3 br--bottom left-0 lh-copy mt4 overflow-hidden shadow-1 dn" data-testid="departments-flyout" style="left:50%;transform:none;margin-left:-135px;max-height:0"><div class="flex"><div class="f6 overflow-auto" style="width:246px;max-height:0;height:100%"><ul class="list ma0 pa0 pb3 pt4"></ul></div></div></div></div><div class="relative"><button type="button" class="flex items-center no-underline ph3 white desktop-header-trigger lh-title b pointer ba b--transparent bg-transparent sans-serif" style="border-radius:100px;height:40px;transition:all 100ms cubic-bezier(0.77, 0, 0.175, 1)" aria-haspopup="true" aria-expanded="false"><i class="ld ld-Services mr2" style="font-size:1rem;vertical-align:-0.175em" aria-hidden="true"></i>Services</button><div class="absolute bg-white br3 br--bottom left-0 lh-copy mt4 overflow-hidden shadow-1 dn" data-testid="services-flyout" style="left:50%;transform:none;margin-left:-135px;max-height:0"><div class="flex"><div class="f6 overflow-auto" style="width:246px;max-height:0;height:100%"><ul class="list ma0 pa0 pb3 pt4"></ul></div></div></div></div><form action="/search" autocomplete="off" class="flex-auto ml3" role="search"><div class="flex flex-auto items-center relative"><input type="search" aria-label="Search" aria-activedescendant="" class="b--none f5 flex-auto lh-solid sans-serif br-pill" name="q" placeholder="Search everything at Walmart online and in store" style="height:40px;padding-left:1rem;padding-right:1rem" value="mac and cheese"/><button aria-label="Search icon" class="absolute bn br-100 bg-gold h3 w3" style="right:0.25rem"><i class="ld ld-Search absolute" style="font-size:1rem;vertical-align:-0.175em;top:50%;left:50%;transform:translate(-50%, -50%)" aria-hidden="true"></i></button></div></form><div class="ml3 relative"><a link-identifier="Reorder my items" class="flex items-center no-underline ph3 white desktop-header-trigger lh-title lh-solid" style="border-radius:100px;height:40px;transition:all 100ms cubic-bezier(0.77, 0, 0.175, 1)" aria-haspopup="true" aria-expanded="false" href="/my-items"><i class="ld ld-Reorder" style="font-size:1rem;vertical-align:-0.175em" aria-hidden="true"></i><div class="ml2 nowrap"><div class="f7 lh-title">Reorder</div><div class="b">My Items</div></div></a><div class="absolute bg-white br3 br--bottom left-0 lh-copy mt4 overflow-hidden shadow-1 dn" data-testid="my-items-flyout" style="left:50%;transform:translateX(-50%)"><div class="ph4 pt4 pb2"><a link-identifier="Reorder" class="dark-gray db f6 no-underline nowrap desktop-header-flyout-link mb3" href="/my-items"><i class="ld ld-Reorder mr2" style="font-size:1rem;vertical-align:-0.175em"></i>Reorder</a><a link-identifier="Lists" class="dark-gray db f6 no-underline nowrap desktop-header-flyout-link mb3" href="/lists"><i class="ld ld-List mr2" style="font-size:1rem;vertical-align:-0.175em"></i>Lists</a><a link-identifier="Registries" class="dark-gray db f6 no-underline nowrap desktop-header-flyout-link mb3" href="/my-registries"><i class="ld ld-Gift mr2" style="font-size:1rem;vertical-align:-0.175em"></i>Registries</a></div></div></div><div class="relative"><a link-identifier="Account" class="flex items-center no-underline ph3 white desktop-header-trigger lh-title lh-solid" style="border-radius:100px;height:40px;transition:all 100ms cubic-bezier(0.77, 0, 0.175, 1)" aria-haspopup="true" aria-expanded="false" href="/account/login?vid=oaoh"><i class="ld ld-User" style="font-size:1rem;vertical-align:-0.175em" aria-hidden="true"></i><div class="ml2 nowrap"><div class="f7 mw3 mw4-xl lh-title truncate">Sign In</div><div class="b">Account</div></div></a><div class="absolute bg-white br3 br--bottom left-0 lh-copy mt4 overflow-hidden shadow-1 dn" data-testid="account-flyout" style="left:50%;transform:translateX(-50%)"><div class="pa4"><button class="w_AH w_AJ w_AN db mb3 w-100" type="button">Sign in</button><a link-identifier="Create an account" class="no-underline" href="/account/signup?vid=oaoh"><button class="w_AH w_AK w_AN db mb3 w-100" type="button" tabindex="-1">Create an account</button></a><hr aria-hidden="true" class="w_CY mb3"/><a link-identifier="Purchase History" class="dark-gray db f6 no-underline nowrap desktop-header-flyout-link" href="/orders"><i class="ld ld-Receipt mr2" style="font-size:1rem;vertical-align:-0.175em"></i>Purchase History</a></div></div></div><div class="ml3" style="width:40px"><button type="button" aria-label="Cart contains 0 items" class="bn bg-transparent br2 db flex flex-column items-center pa0 pointer relative sans-serif white"><i class="ld ld-Cart white" style="font-size:1.5rem;vertical-align:-0.25em"></i><span class="w_1 w_9 w_7 absolute right-0 top-0" style="transform:translate(50%, -50%)">0</span><span class="db" style="font-size:.625rem">$0.00</span></button></div></div></header></span><div class="flex flex-column flex-auto relative z-0" aria-hidden="false" style="padding-top:88px"><div class="flex-auto relative z-1"><section data-testid="location-banner" class="bg-dark-blue white pv1"><div class="center items-center flex flex-auto ph3 ph4-m overflow-hidden" style="line-height:2"><button class="w_AH w_AL w_AN white hover-white pa0 no-underline" type="button" name="select-store-button" tabindex="0"><i class="ld ld-Store mr2" style="font-size:1rem;vertical-align:-0.175em"></i><span class="f7 f6-m underline pointer">San Antonio Supercenter</span></button><span class="mh2">|</span><button class="w_AH w_AL w_AN white hover-white pa0 no-underline truncate" type="button" name="select-location-button" tabindex="0"><i class="ld ld-Location mr2" style="font-size:1rem;vertical-align:-0.175em"></i><span class="f7 f6-m underline pointer truncate">San Antonio, 78242</span></button></div></section><div class="center" style="max-width:1280px"><main data-sis-url="http://search-interface.walmart.net/v1/search?query=mac%20and%20cheese&amp;facet=fulfillment_method%3AIn-store&amp;stores=999&amp;cat_id=&amp;sort=best_match&amp;page=1&amp;min_price=&amp;max_price=&amp;spelling=true&amp;ptss=&amp;trsp=&amp;prg=desktop&amp;affinityOverride=store_led&amp;storeSlotBooked=&amp;stateOrProvinceCode=TX&amp;ps=40&amp;zipcode=78242&amp;recall_set=&amp;inCatchment=true&amp;latitude=29.3531&amp;longitude=-98.614&amp;extended_zipcode=78242&amp;addressId=" class="overflow-hidden"><div data-testid="flex-container" class="flex flex-column h-100"><div class="h-100 relative"><div data-testid="flex-container" class="flex flex-column h-100"><div class="h-100 relative"><div class="mh4-xl mh3-m" data-testid="skyline"><iframe class="w-100 v-mid bw0 skeleton-bone br4" height="54" title="Walmart Advertisement"></iframe></div><span><span data-module-data="{&#34;__typename&#34;:&#34;TempoWM_GLASSWWWBrandAmplifierAdConfigs&#34;,&#34;_rawConfigs&#34;:{&#34;moduleLocation&#34;:&#34;top&#34;},&#34;moduleLocation&#34;:&#34;top&#34;,&#34;ad&#34;:{&#34;status&#34;:&#34;SUCCESS&#34;,&#34;moduleType&#34;:&#34;BrandAmplifierAd&#34;,&#34;platform&#34;:&#34;DESKTOP&#34;,&#34;pageId&#34;:&#34;mac and cheese&#34;,&#34;pageType&#34;:&#34;SEARCH&#34;,&#34;storeId&#34;:&#34;999&#34;,&#34;stateCode&#34;:&#34;TX&#34;,&#34;zipCode&#34;:&#34;78242&#34;,&#34;pageContext&#34;:{&#34;searchNormalize&#34;:{&#34;normalized_query&#34;:&#34;macaroni and cheese&#34;,&#34;original_query&#34;:&#34;mac and cheese&#34;,&#34;rewritten_query&#34;:&#34;macaroni and cheese&#34;,&#34;specificity&#34;:&#34;broad&#34;,&#34;top_query_cat_path&#34;:&#34;/976759/976794/5614446/6189969&#34;,&#34;top_query_cat_path_name&#34;:&#34;/Food/Pantry/Boxed Meals &amp; Side Dishes/Macaroni &amp; Cheese&#34;,&#34;analytics_log&#34;:{&#34;fe_log&#34;:{&#34;dept&#34;:&#34;/976759/976794/5614446/6189969&#34;,&#34;g&#34;:&#34;S&#34;,&#34;s&#34;:&#34;b&#34;,&#34;trf&#34;:&#34;ht&#34;}}}},&#34;moduleConfigs&#34;:{&#34;moduleLocation&#34;:&#34;top&#34;},&#34;adsContext&#34;:{&#34;locationContext&#34;:{&#34;zipCode&#34;:&#34;78242&#34;,&#34;stateCode&#34;:&#34;TX&#34;,&#34;storeId&#34;:&#34;999&#34;,&#34;pickupStore&#34;:null,&#34;deliveryStore&#34;:null,&#34;intent&#34;:null,&#34;incatchment&#34;:true},&#34;itemId&#34;:&#34;&#34;,&#34;categoryId&#34;:&#34;976759_976794_5614446_6189969&#34;,&#34;categoryName&#34;:&#34;Food/Pantry/Boxed Meals &amp; Side Dishes/Macaroni &amp; Cheese&#34;,&#34;brand&#34;:&#34;&#34;,&#34;productName&#34;:&#34;&#34;,&#34;productTypeId&#34;:&#34;&#34;,&#34;normKeyword&#34;:&#34;macaroni and cheese&#34;,&#34;verticalId&#34;:&#34;&#34;,&#34;dedupeList&#34;:[&#34;&#34;]},&#34;adRequestComposite&#34;:{&#34;isDebug&#34;:false,&#34;isManualShelf&#34;:false,&#34;keyword&#34;:&#34;macaroni and cheese&#34;},&#34;adContent&#34;:{&#34;type&#34;:&#34;SPONSORED_PRODUCTS&#34;,&#34;data&#34;:{&#34;__typename&#34;:&#34;SponsoredBrands&#34;,&#34;adUuid&#34;:&#34;ebf1cc17-8caa-47ef-a0da-2e7da22c5aed&#34;,&#34;adExpInfo&#34;:null,&#34;moduleInfo&#34;:&#34;{\&#34;adExpId\&#34;:\&#34;\&#34;,\&#34;bucketId\&#34;:\&#34;2243\&#34;}&#34;,&#34;brands&#34;:[]}}}}"></span></span><section><section aria-label="Sort and Filter section" class="w-100 flex flex-shrink-0 hidesb hidesb-wk pl3 ph4-xl pv3 relative z-max overflow-x-auto"><div class="flex flex-row flex-shrink-0 items-center br-pill bn bg-black near-white mr2"><button type="button" class="f6 pv2 br-pill bn sans-serif flex bg-black near-white pointer" aria-label="All filters (1) , filter applied"><i class="ld ld-Filter ph2" style="font-size:1rem;vertical-align:-0.175em" aria-hidden="true" data-testid="Filter-icon"></i><span class="flex pointer pr3" aria-hidden="true">All filters (1)</span></button></div><div aria-hidden="true" class="br b--near-white h-inherit mr2"></div><div class="flex flex-row flex-shrink-0 items-center br-pill bn bg-black near-white mr2"><button type="button" class="f6 pv2 br-pill bn sans-serif flex bg-black near-white pointer" aria-label="In-store , filter applied"><i class="ld ld-Store ph2" style="font-size:1rem;vertical-align:-0.175em" aria-hidden="true" data-testid="Store-icon"></i><span class="flex pointer pr3" aria-hidden="true">In-store</span></button></div><div class="flex flex-row flex-shrink-0 items-center br-pill bn bg-near-white mr2"><span class="w_F w_J" style="display:inline"><button type="button" class="f6 pv2 br-pill bn sans-serif flex bg-near-white pointer" aria-label="Pickup &amp; shipping "><span class="flex pointer pl3" aria-hidden="true">Pickup &amp; shipping</span><i class="ld ld-ChevronDown mh2" style="font-size:1rem;vertical-align:-0.175em"></i></button></span></div><div class="flex flex-row flex-shrink-0 items-center br-pill bn bg-near-white mr2"><button type="button" class="f6 pv2 br-pill bn sans-serif flex bg-near-white pointer" aria-label="Price "><i class="ld ld-MoneyCircle ph2" style="font-size:1rem;vertical-align:-0.175em" aria-hidden="true" data-testid="MoneyCircle-icon"></i><span class="flex pointer" aria-hidden="true">Price</span><i class="ld ld-ChevronDown mh2" style="font-size:1rem;vertical-align:-0.175em"></i></button></div><div class="flex flex-row flex-shrink-0 items-center br-pill bn bg-near-white mr2"><button type="button" class="f6 pv2 br-pill bn sans-serif flex bg-near-white pointer" aria-label="Brand "><span class="flex pointer pl3" aria-hidden="true">Brand</span><i class="ld ld-ChevronDown mh2" style="font-size:1rem;vertical-align:-0.175em"></i></button></div><div class="flex flex-row flex-shrink-0 items-center br-pill bn bg-near-white mr2"><button type="button" class="f6 pv2 br-pill bn sans-serif flex bg-near-white pointer" aria-label="Departments "><span class="flex pointer pl3" aria-hidden="true">Departments</span><i class="ld ld-ChevronDown mh2" style="font-size:1rem;vertical-align:-0.175em"></i></button></div><div class="flex flex-row flex-shrink-0 items-center br-pill bn bg-near-white mr2"><button type="button" class="f6 pv2 br-pill bn sans-serif flex bg-near-white pointer" aria-label="Speed "><i class="ld ld-Clock ph2" style="font-size:1rem;vertical-align:-0.175em" aria-hidden="true" data-testid="Clock-icon"></i><span class="flex pointer" aria-hidden="true">Speed</span><i class="ld ld-ChevronDown mh2" style="font-size:1rem;vertical-align:-0.175em"></i></button></div><button class="flex-shrink-0 f6 bg-white bn ph2 pv0 pointer sans-serif underline">Clear all</button><div class="dark-gray flex flex-row items-center ml-auto flex-shrink-0"><span class="b mh2">Sort by</span>|<button type="button" class="bw0 bg-white sans-serif pointer pa1" aria-label="Sort by Best Match" aria-expanded="false" aria-haspopup="true">Best Match<i class="ld ld-ChevronDown pa0 ml6" style="font-size:1rem;vertical-align:-0.175em" arial-hiden="true" role="img"></i></button></div></section></section><hr aria-hidden="true" class="w_CY"/><section class="pv3" aria-label="Quick refinements"><div class="flex flex-column justify-center relative"><ul style="display:flex;grid-auto-flow:column;scroll-snap-type:x mandatory;max-height:fit-content" class="list ma0 pl0 overflow-x-scroll hidesb hidesb-wk relative overflow-y-hidden pl3 spl3 pl4-xl" data-testid="carousel-container"><li class="flex flex-column items-center " data-slide="0"><button class="w_CZ w_Cc mr2" type="button" role="link">Kraft Macaroni and Cheese</button></li><li class="flex flex-column items-center " data-slide="1"><button class="w_CZ w_Cc mr2" type="button" role="link">Annie&#39;s Mac &amp; cheese</button></li><li class="flex flex-column items-center " data-slide="2"><button class="w_CZ w_Cc mr2" type="button" role="link">Velveeta Mac &amp; Cheese</button></li><li class="flex flex-column items-center " data-slide="3"><button class="w_CZ w_Cc mr2" type="button" role="link">Cheetos Mac &amp; Cheese</button></li><li class="flex flex-column items-center " data-slide="4"><button class="w_CZ w_Cc mr2" type="button" role="link">Cup Macaroni and Cheese</button></li><li class="flex flex-column items-center " data-slide="5"><button class="w_CZ w_Cc mr2 mr4-xl" type="button" role="link">Frozen Macaroni &amp; Cheese</button></li><li class="carousel-right-gap db" aria-hidden="true"></li></ul><button aria-hidden="true" tabindex="-1" class="absolute dn z-999 bg-white br-100 pa0 pointer ba db-l br-100 ba b--black nav-control right-1 db"><i class="ld ld-ChevronRight" style="font-size:1.5rem;vertical-align:-0.25em;padding:12px"></i></button><button aria-hidden="true" tabindex="-1" class="absolute dn z-999 bg-white br-100 pa0 pointer ba br-100 ba b--black nav-control left-1"><i class="ld ld-ChevronLeft" style="font-size:1.5rem;vertical-align:-0.25em;padding:12px"></i></button><div class="dn"></div></div><div class="dn"><a link-identifier="Generic Name">Kraft Macaroni and Cheese</a><a link-identifier="Generic Name">Annie&#39;s Mac &amp; cheese</a><a link-identifier="Generic Name">Velveeta Mac &amp; Cheese</a><a link-identifier="Generic Name">Cheetos Mac &amp; Cheese</a><a link-identifier="Generic Name">Cup Macaroni and Cheese</a><a link-identifier="Generic Name">Frozen Macaroni &amp; Cheese</a></div></section><hr aria-hidden="true" class="w_CY"/></div></div></div><div class="h-100 relative"><div data-testid="flex-container" class="flex flex-column h-100"><div class="h-100 relative"><div data-stack-index="0" class="flex flex-column justify-center"><div><div class="inline-flex mv3-xl mt3 ml3 ml4-xl mr1 db"><h2 class="f4 f3-m lh-title ma0 di">Results for &#34;mac and cheese&#34;</h2><span class="f6 f5-m fw3 ml1 gray normal self-center">(161)</span></div></div><section><div class="flex flex-wrap w-100 flex-grow-0 flex-shrink-0 ph2 pr0-xl pl4-xl mt0-xl mt3"><div class="mb1 ph1 pa0-xl bb b--near-white w-25"><div class="h-100 pb1-xl pr4-xl pv1 ph1" style="content-visibility:auto;contain-intrinsic-size:198px 340px"><div data-item-id="1LY14P0MJI6W" class="sans-serif mid-gray relative flex flex-column w-100 "><a link-identifier="10535862" href="https://wrd.walmart.com/track?storeId=999&amp;mloc=sp-search-middle&amp;pt=search&amp;pltfm=desktop&amp;tax=976759_976794_5614446_6189969&amp;rdf=1&amp;plmt=sp-search-middle~desktop~&amp;eventST=click&amp;spQs=oTbWTIihW_WrajJb30HqlBpQkiXXd8e_z1nXT8G0drQ0PUsAh8lQ_70Kl_y2XuSgVG-sEUkwavvZE2hh0Q8WtWs-nckrLq-VwpcgDHGVx00&amp;pos=1&amp;pgId=mac%20and%20cheese&amp;bt=1&amp;adUid=2E0HUiQtFmh1YSDRYX2JjG25yhkfJNS3LcIZ&amp;rd=https%3A%2F%2Fwww.walmart.com%2Fip%2FAnnie-s-Classic-Cheddar-Macaroni-and-Cheese-Pasta-Mac-and-Cheese-6-oz%2F10535862%3FfulfillmentIntent%3DIn-store" class="absolute w-100 h-100 z-1"><span class="w_DY">Annie&#39;s Classic Cheddar Macaroni and Cheese, Pasta &amp; Mac and Cheese, 6 oz<!-- --> </span></a><div class="" data-testid="list-view"><div class=""><div class="h2 relative mb2"></div><div class="relative"><div class="relative overflow-hidden" style="max-width:290px;height:0;padding-bottom:min(290px, 100%);align-self:center;width:min(290px, 100%)"><img loading="eager" srcset="https://i5.walmartimages.com/asr/d7a51136-b782-4cd6-822e-d982bc980fbf.21e4e663021c64e9a5bcf76b97160c2e.png?odnHeight=290&amp;odnWidth=290&amp;odnBg=FFFFFF 1x, https://i5.walmartimages.com/asr/d7a51136-b782-4cd6-822e-d982bc980fbf.21e4e663021c64e9a5bcf76b97160c2e.png?odnHeight=580&amp;odnWidth=580&amp;odnBg=FFFFFF 2x" width="" height="" class="absolute top-0 left-0" data-testid="productTileImage" alt="" src="https://i5.walmartimages.com/asr/d7a51136-b782-4cd6-822e-d982bc980fbf.21e4e663021c64e9a5bcf76b97160c2e.png?odnHeight=580&amp;odnWidth=580&amp;odnBg=FFFFFF"/></div><div class="absolute z-2 bottom--1"><button class="w_AH w_AJ w_AO pointer bn bg-blue hover-bg-dark-blue white sans-serif b w-auto ph2 flex items-center justify-center shadow-1" type="button" aria-label="Add to cart - Annie&#39;s Classic Cheddar Macaroni and Cheese, Pasta &amp; Mac and Cheese, 6 oz"><i class="ld ld-Plus" style="font-size:1.5rem;vertical-align:-0.25em" title="add to cart"></i><span class="mr2">Add</span></button></div></div><div class="mt5 mb1" style="height:24px" data-testid="variant-1LY14P0MJI6W"><div class="flex items-center lh-title h2-l normal"><span class="gray f7">Sponsored</span></div></div></div><div class=""><div class="flex flex-wrap justify-start items-center lh-title mb2 mb1-m"><div class="b black f5 mr1 mr2-xl lh-copy f4-l" aria-hidden="true">$1.18</div><span class="w_DY">current price $1.18</span><div class="f7 f6-l gray mr1">19.7 ¢/oz</div></div><span class="w_Bd" style="-webkit-line-clamp:3;padding-bottom:0em;margin-bottom:-0em"><span class="f6 f5-l normal dark-gray mb0 mt1 lh-title">Annie&#39;s Classic Cheddar Macaroni and Cheese, Pasta &amp; Mac and Cheese, 6 oz</span></span><div class="mv2 flex items-center"><div class="f7 mr1 blue b lh-copy">Save with</div><img loading="lazy" class="pr2 flex" src="//i5.walmartimages.com/dfw/63fd9f59-ac39/29c6759d-7f14-49fa-bd3a-b870eb4fb8fb/v1/wplus-icon-blue.svg" alt="Walmart Plus" height="20" width="20"/></div><div class="mt2 mb2"><span class="w_A w_C w_B mr1 mt1 ph1">Pickup</span><span class="w_A w_C w_B mr1 mt1 ph1">Delivery</span></div><div class="flex flex-wrap justify-start items-center mt2"><span class="gray f6">In stock</span><span style="width:1px;height:14px;margin:3px 5px 3px 7px;background-color:#74767c"></span><i class="ld ld-Location mt1 mb1" style="font-size:1rem;vertical-align:-0.175em"></i><span class="f6">A16</span></div></div></div></div></div></div><div class="mb1 ph1 pa0-xl bb b--near-white w-25"><div class="h-100 pb1-xl pr4-xl pv1 ph1" style="content-visibility:auto;contain-intrinsic-size:198px 340px"><div data-item-id="3DF9IE792Z4G" class="sans-serif mid-gray relative flex flex-column w-100 "><a link-identifier="10294619" href="https://wrd.walmart.com/track?storeId=999&amp;mloc=sp-search-middle&amp;pt=search&amp;pltfm=desktop&amp;tax=976759_976794_5614446_6189969&amp;rdf=1&amp;plmt=sp-search-middle~desktop~&amp;eventST=click&amp;spQs=oTbWTIihW_WrajJb30HqlBpQkiXXd8e_z1nXT8G0drSYyDdiP--1Fqq3Ry45MXw7VG-sEUkwavvZE2hh0Q8WtWs-nckrLq-VwpcgDHGVx00&amp;pos=2&amp;pgId=mac%20and%20cheese&amp;bt=1&amp;adUid=2E0HUiQtFmh1YSDRYX2JjG25yhkfJNS3LcIZ&amp;rd=https%3A%2F%2Fwww.walmart.com%2Fip%2FAnnie-s-Shells-Aged-Cheddar-Macaroni-and-Cheese-Mac-and-Cheese-6-oz%2F10294619%3FfulfillmentIntent%3DIn-store" class="absolute w-100 h-100 z-1"><span class="w_DY">Annie&#39;s Shells &amp; Aged Cheddar Macaroni and Cheese, Mac and Cheese, 6 oz<!-- --> </span></a><div class="" data-testid="list-view"><div class=""><div class="h2 relative mb2"></div><div class="relative"><div class="relative overflow-hidden" style="max-width:290px;height:0;padding-bottom:min(290px, 100%);align-self:center;width:min(290px, 100%)"><img loading="eager" srcset="https://i5.walmartimages.com/asr/bf5d5053-cdd1-4f81-9504-19e45d54bf8a.5aee14cc7ec86629092fec839ce2d3a8.png?odnHeight=290&amp;odnWidth=290&amp;odnBg=FFFFFF 1x, https://i5.walmartimages.com/asr/bf5d5053-cdd1-4f81-9504-19e45d54bf8a.5aee14cc7ec86629092fec839ce2d3a8.png?odnHeight=580&amp;odnWidth=580&amp;odnBg=FFFFFF 2x" width="" height="" class="absolute top-0 left-0" data-testid="productTileImage" alt="" src="https://i5.walmartimages.com/asr/bf5d5053-cdd1-4f81-9504-19e45d54bf8a.5aee14cc7ec86629092fec839ce2d3a8.png?odnHeight=580&amp;odnWidth=580&amp;odnBg=FFFFFF"/></div><div class="absolute z-2 bottom--1"><button class="w_AH w_AJ w_AO pointer bn bg-blue hover-bg-dark-blue white sans-serif b w-auto ph2 flex items-center justify-center shadow-1" type="button" aria-label="Add to cart - Annie&#39;s Shells &amp; Aged Cheddar Macaroni and Cheese, Mac and Cheese, 6 oz"><i class="ld ld-Plus" style="font-size:1.5rem;vertical-align:-0.25em" title="add to cart"></i><span class="mr2">Add</span></button></div></div><div class="mt5 mb1" style="height:24px" data-testid="variant-3DF9IE792Z4G"><div class="flex items-center lh-title h2-l normal"><span class="gray f7">Sponsored</span></div></div></div><div class=""><div class="flex flex-wrap justify-start items-center lh-title mb2 mb1-m"><div class="b black f5 mr1 mr2-xl lh-copy f4-l" aria-hidden="true">$1.18</div><span class="w_DY">current price $1.18</span><div class="f7 f6-l gray mr1">19.7 ¢/oz</div></div><span class="w_Bd" style="-webkit-line-clamp:3;padding-bottom:0em;margin-bottom:-0em"><span class="f6 f5-l normal dark-gray mb0 mt1 lh-title">Annie&#39;s Shells &amp; Aged Cheddar Macaroni and Cheese, Mac and Cheese, 6 oz</span></span><div class="mv2 flex items-center"><div class="f7 mr1 blue b lh-copy">Save with</div><img loading="lazy" class="pr2 flex" src="//i5.walmartimages.com/dfw/63fd9f59-ac39/29c6759d-7f14-49fa-bd3a-b870eb4fb8fb/v1/wplus-icon-blue.svg" alt="Walmart Plus" height="20" width="20"/></div><div class="mt2 mb2"><span class="w_A w_C w_B mr1 mt1 ph1">Pickup</span><span class="w_A w_C w_B mr1 mt1 ph1">Delivery</span><span class="w_A w_C w_B mr1 mt1 ph1">2-day shipping</span></div><div class="flex flex-wrap justify-start items-center mt2"><span class="gray f6">In stock</span><span style="width:1px;height:14px;margin:3px 5px 3px 7px;background-color:#74767c"></span><i class="ld ld-Location mt1 mb1" style="font-size:1rem;vertical-align:-0.175em"></i><span class="f6">A16</span></div></div></div></div></div></div><div class="mb1 ph1 pa0-xl bb b--near-white w-25"><div class="h-100 pb1-xl pr4-xl pv1 ph1" style="content-visibility:auto;contain-intrinsic-size:198px 340px"><div data-item-id="25I6BG3WA1IA" class="sans-serif mid-gray relative flex flex-column w-100 "><a link-identifier="10295756" class="absolute w-100 h-100 z-1" href="/ip/Kraft-Original-Macaroni-Cheese-Dinner-7-25-oz-Box/10295756?fulfillmentIntent=In-store"><span class="w_DY">Kraft Original Macaroni &amp; Cheese Dinner, 7.25 oz Box<!-- --> </span></a><div class="" data-testid="list-view"><div class=""><div class="h2 relative mb2"></div><div class="relative"><div class="relative overflow-hidden" style="max-width:290px;height:0;padding-bottom:min(290px, 100%);align-self:center;width:min(290px, 100%)"><img loading="eager" srcset="https://i5.walmartimages.com/asr/2c10224e-7fa9-4748-b0cb-7608f47a0e5e.4d39334f838afac1a7c541fd41bc969a.jpeg?odnHeight=290&amp;odnWidth=290&amp;odnBg=FFFFFF 1x, https://i5.walmartimages.com/asr/2c10224e-7fa9-4748-b0cb-7608f47a0e5e.4d39334f838afac1a7c541fd41bc969a.jpeg?odnHeight=580&amp;odnWidth=580&amp;odnBg=FFFFFF 2x" width="" height="" class="absolute top-0 left-0" data-testid="productTileImage" alt="" src="https://i5.walmartimages.com/asr/2c10224e-7fa9-4748-b0cb-7608f47a0e5e.4d39334f838afac1a7c541fd41bc969a.jpeg?odnHeight=580&amp;odnWidth=580&amp;odnBg=FFFFFF"/></div><div class="absolute z-2 bottom--1"><button class="w_AH w_AJ w_AO pointer bn bg-blue hover-bg-dark-blue white sans-serif b w-auto ph2 flex items-center justify-center shadow-1" type="button" aria-label="Add to cart - Kraft Original Macaroni &amp; Cheese Dinner, 7.25 oz Box"><i class="ld ld-Plus" style="font-size:1.5rem;vertical-align:-0.25em" title="add to cart"></i><span class="mr2">Add</span></button></div></div><div class="mt5 mb1" style="height:24px" data-testid="variant-25I6BG3WA1IA"></div></div><div class=""><div class="flex flex-wrap justify-start items-center lh-title mb2 mb1-m"><div class="b black f5 mr1 mr2-xl lh-copy f4-l" aria-hidden="true">$0.88</div><span class="w_DY">current price $0.88</span><div class="f7 f6-l gray mr1">12.1 ¢/oz</div></div><span class="w_Bd" style="-webkit-line-clamp:3;padding-bottom:0em;margin-bottom:-0em"><span class="f6 f5-l normal dark-gray mb0 mt1 lh-title">Kraft Original Macaroni &amp; Cheese Dinner, 7.25 oz Box</span></span><div class="mv2 flex items-center"><div class="f7 mr1 blue b lh-copy">Save with</div><img loading="lazy" class="pr2 flex" src="//i5.walmartimages.com/dfw/63fd9f59-ac39/29c6759d-7f14-49fa-bd3a-b870eb4fb8fb/v1/wplus-icon-blue.svg" alt="Walmart Plus" height="20" width="20"/></div><div class="mt2 mb2"><span class="w_A w_C w_B mr1 mt1 ph1">Pickup</span><span class="w_A w_C w_B mr1 mt1 ph1">Delivery</span></div><div class="flex flex-wrap justify-start items-center mt2"><span class="gray f6">In stock</span><span style="width:1px;height:14px;margin:3px 5px 3px 7px;background-color:#74767c"></span><i class="ld ld-Location mt1 mb1" style="font-size:1rem;vertical-align:-0.175em"></i><span class="f6">A16</span></div></div></div></div></div></div><div class="mb1 ph1 pa0-xl bb b--near-white w-25"><div class="h-100 pb1-xl pr4-xl pv1 ph1" style="content-visibility:auto;contain-intrinsic-size:198px 340px"><div data-item-id="2F58JWH44L4S" class="sans-serif mid-gray relative flex flex-column w-100 "><a link-identifier="14869830" class="absolute w-100 h-100 z-1" href="/ip/Kraft-Original-Macaroni-Cheese-Easy-Microwavable-Dinner-4-ct-Pack-2-05-oz-Cups/14869830?fulfillmentIntent=In-store"><span class="w_DY">Kraft Original Macaroni &amp; Cheese Easy Microwavable Dinner, 4 ct Pack, 2.05 oz Cups<!-- --> </span></a><div class="" data-testid="list-view"><div class=""><div class="h2 relative mb2"></div><div class="relative"><div class="relative overflow-hidden" style="max-width:290px;height:0;padding-bottom:min(290px, 100%);align-self:center;width:min(290px, 100%)"><img loading="eager" srcset="https://i5.walmartimages.com/asr/2ea7013e-2221-4253-a93f-64d6ac1b0f63.7d6c8f9571d384d83ddb4264516a51e6.jpeg?odnHeight=290&amp;odnWidth=290&amp;odnBg=FFFFFF 1x, https://i5.walmartimages.com/asr/2ea7013e-2221-4253-a93f-64d6ac1b0f63.7d6c8f9571d384d83ddb4264516a51e6.jpeg?odnHeight=580&amp;odnWidth=580&amp;odnBg=FFFFFF 2x" width="" height="" class="absolute top-0 left-0" data-testid="productTileImage" alt="" src="https://i5.walmartimages.com/asr/2ea7013e-2221-4253-a93f-64d6ac1b0f63.7d6c8f9571d384d83ddb4264516a51e6.jpeg?odnHeight=580&amp;odnWidth=580&amp;odnBg=FFFFFF"/></div><div class="absolute z-2 bottom--1"><button class="w_AH w_AJ w_AO pointer bn bg-blue hover-bg-dark-blue white sans-serif b w-auto ph2 flex items-center justify-center shadow-1" type="button" aria-label="Add to cart - Kraft Original Macaroni &amp; Cheese Easy Microwavable Dinner, 4 ct Pack, 2.05 oz Cups"><i class="ld ld-Plus" style="font-size:1.5rem;vertical-align:-0.25em" title="add to cart"></i><span class="mr2">Add</span></button></div></div><div class="mt5 mb1" style="height:24px" data-testid="variant-2F58JWH44L4S"></div></div><div class=""><div class="flex flex-wrap justify-start items-center lh-title mb2 mb1-m"><div class="b black f5 mr1 mr2-xl lh-copy f4-l" aria-hidden="true">$3.78</div><span class="w_DY">current price $3.78</span><div class="f7 f6-l gray mr1">46.2 ¢/oz</div></div><span class="w_Bd" style="-webkit-line-clamp:3;padding-bottom:0em;margin-bottom:-0em"><span class="f6 f5-l normal dark-gray mb0 mt1 lh-title">Kraft Original Macaroni &amp; Cheese Easy Microwavable Dinner, 4 ct Pack, 2.05 oz Cups</span></span><div class="mv2 flex items-center"><div class="f7 mr1 blue b lh-copy">Save with</div><img loading="lazy" class="pr2 flex" src="//i5.walmartimages.com/dfw/63fd9f59-ac39/29c6759d-7f14-49fa-bd3a-b870eb4fb8fb/v1/wplus-icon-blue.svg" alt="Walmart Plus" height="20" width="20"/></div><div class="mt2 mb2"><span class="w_A w_C w_B mr1 mt1 ph1">Pickup</span><span class="w_A w_C w_B mr1 mt1 ph1">Delivery</span><span class="w_A w_C w_B mr1 mt1 ph1">2-day shipping</span></div><div class="flex flex-wrap justify-start items-center mt2"><span class="gray f6">In stock</span><span style="width:1px;height:14px;margin:3px 5px 3px 7px;background-color:#74767c"></span><i class="ld ld-Location mt1 mb1" style="font-size:1rem;vertical-align:-0.175em"></i><span class="f6">A16</span></div></div></div></div></div></div><div class="mb1 ph1 pa0-xl bb b--near-white w-25"><div class="h-100 pb1-xl pr4-xl pv1 ph1" style="content-visibility:auto;contain-intrinsic-size:198px 340px"><div data-item-id="6LRZCU8ECQ6E" class="sans-serif mid-gray relative flex flex-column w-100 "><a link-identifier="14869676" class="absolute w-100 h-100 z-1" href="/ip/Kraft-Original-Macaroni-Cheese-Dinner-5-ct-Pack-7-25-oz-Boxes/14869676?fulfillmentIntent=In-store"><span class="w_DY">Kraft Original Macaroni &amp; Cheese Dinner, 5 ct Pack, 7.25 oz Boxes<!-- --> </span></a><div class="" data-testid="list-view"><div class=""><div class="h2 relative mb2"></div><div class="relative"><div class="relative overflow-hidden" style="max-width:290px;height:0;padding-bottom:min(290px, 100%);align-self:center;width:min(290px, 100%)"><img loading="lazy" srcset="https://i5.walmartimages.com/asr/6ed0fac2-6e4f-41da-b12e-794568265ab3.db5d27d1c425648a76ab101e24fde817.jpeg?odnHeight=290&amp;odnWidth=290&amp;odnBg=FFFFFF 1x, https://i5.walmartimages.com/asr/6ed0fac2-6e4f-41da-b12e-794568265ab3.db5d27d1c425648a76ab101e24fde817.jpeg?odnHeight=580&amp;odnWidth=580&amp;odnBg=FFFFFF 2x" width="" height="" class="absolute top-0 left-0" data-testid="productTileImage" alt="" src="https://i5.walmartimages.com/asr/6ed0fac2-6e4f-41da-b12e-794568265ab3.db5d27d1c425648a76ab101e24fde817.jpeg?odnHeight=580&amp;odnWidth=580&amp;odnBg=FFFFFF"/></div><div class="absolute z-2 bottom--1"><button class="w_AH w_AJ w_AO pointer bn bg-blue hover-bg-dark-blue white sans-serif b w-auto ph2 flex items-center justify-center shadow-1" type="button" aria-label="Add to cart - Kraft Original Macaroni &amp; Cheese Dinner, 5 ct Pack, 7.25 oz Boxes"><i class="ld ld-Plus" style="font-size:1.5rem;vertical-align:-0.25em" title="add to cart"></i><span class="mr2">Add</span></button></div></div><div class="mt5 mb1" style="height:24px" data-testid="variant-6LRZCU8ECQ6E"></div></div><div class=""><div class="flex flex-wrap justify-start items-center lh-title mb2 mb1-m"><div class="b black f5 mr1 mr2-xl lh-copy f4-l" aria-hidden="true">$4.50</div><span class="w_DY">current price $4.50</span><div class="f7 f6-l gray mr1">12.4 ¢/oz</div></div><span class="w_Bd" style="-webkit-line-clamp:3;padding-bottom:0em;margin-bottom:-0em"><span class="f6 f5-l normal dark-gray mb0 mt1 lh-title">Kraft Original Macaroni &amp; Cheese Dinner, 5 ct Pack, 7.25 oz Boxes</span></span><div class="mv2 flex items-center"><div class="f7 mr1 blue b lh-copy">Save with</div><img loading="lazy" class="pr2 flex" src="//i5.walmartimages.com/dfw/63fd9f59-ac39/29c6759d-7f14-49fa-bd3a-b870eb4fb8fb/v1/wplus-icon-blue.svg" alt="Walmart Plus" height="20" width="20"/></div><div class="mt2 mb2"><span class="w_A w_C w_B mr1 mt1 ph1">Pickup</span><span class="w_A w_C w_B mr1 mt1 ph1">Delivery</span></div><div class="flex flex-wrap justify-start items-center mt2"><span class="gray f6">In stock</span><span style="width:1px;height:14px;margin:3px 5px 3px 7px;background-color:#74767c"></span><i class="ld ld-Location mt1 mb1" style="font-size:1rem;vertical-align:-0.175em"></i><span class="f6">A16</span></div></div></div></div></div></div><div class="mb1 ph1 pa0-xl bb b--near-white w-25"><div class="h-100 pb1-xl pr4-xl pv1 ph1" style="content-visibility:auto;contain-intrinsic-size:198px 340px"><div data-item-id="2SBRJPU0PMVT" class="sans-serif mid-gray relative flex flex-column w-100 "><a link-identifier="43480563" class="absolute w-100 h-100 z-1" href="/ip/Velveeta-Shells-Cheese-Original-Shell-Pasta-Cheese-Sauce-Meal-3-ct-Pack-12-oz-Boxes/43480563?fulfillmentIntent=In-store"><span class="w_DY">Velveeta Shells &amp; Cheese Original Shell Pasta &amp; Cheese Sauce Meal, 3 ct Pack, 12 oz Boxes<!-- --> </span></a><div class="" data-testid="list-view"><div class=""><div class="h2 relative mb2"></div><div class="relative"><div class="relative overflow-hidden" style="max-width:290px;height:0;padding-bottom:min(290px, 100%);align-self:center;width:min(290px, 100%)"><img loading="lazy" srcset="https://i5.walmartimages.com/asr/ba9b4a9f-31fa-43bd-93d4-a25f68db1097.1034d5a2e55b11a107bf21e403b512d9.jpeg?odnHeight=290&amp;odnWidth=290&amp;odnBg=FFFFFF 1x, https://i5.walmartimages.com/asr/ba9b4a9f-31fa-43bd-93d4-a25f68db1097.1034d5a2e55b11a107bf21e403b512d9.jpeg?odnHeight=580&amp;odnWidth=580&amp;odnBg=FFFFFF 2x" width="" height="" class="absolute top-0 left-0" data-testid="productTileImage" alt="" src="https://i5.walmartimages.com/asr/ba9b4a9f-31fa-43bd-93d4-a25f68db1097.1034d5a2e55b11a107bf21e403b512d9.jpeg?odnHeight=580&amp;odnWidth=580&amp;odnBg=FFFFFF"/></div><div class="absolute z-2 bottom--1"><button class="w_AH w_AJ w_AO pointer bn bg-blue hover-bg-dark-blue white sans-serif b w-auto ph2 flex items-center justify-center shadow-1" type="button" aria-label="Add to cart - Velveeta Shells &amp; Cheese Original Shell Pasta &amp; Cheese Sauce Meal, 3 ct Pack, 12 oz Boxes"><i class="ld ld-Plus" style="font-size:1.5rem;vertical-align:-0.25em" title="add to cart"></i><span class="mr2">Add</span></button></div></div><div class="mt5 mb1" style="height:24px" data-testid="variant-2SBRJPU0PMVT"></div></div><div class=""><div class="flex flex-wrap justify-start items-center lh-title mb2 mb1-m"><div class="b black f5 mr1 mr2-xl lh-copy f4-l" aria-hidden="true">$6.48</div><span class="w_DY">current price $6.48</span><div class="f7 f6-l gray mr1">18.0 ¢/oz</div></div><span class="w_Bd" style="-webkit-line-clamp:3;padding-bottom:0em;margin-bottom:-0em"><span class="f6 f5-l normal dark-gray mb0 mt1 lh-title">Velveeta Shells &amp; Cheese Original Shell Pasta &amp; Cheese Sauce Meal, 3 ct Pack, 12 oz Boxes</span></span><div class="mv2 flex items-center"><div class="f7 mr1 blue b lh-copy">Save with</div><img loading="lazy" class="pr2 flex" src="//i5.walmartimages.com/dfw/63fd9f59-ac39/29c6759d-7f14-49fa-bd3a-b870eb4fb8fb/v1/wplus-icon-blue.svg" alt="Walmart Plus" height="20" width="20"/></div><div class="mt2 mb2"><span class="w_A w_C w_B mr1 mt1 ph1">Pickup</span><span class="w_A w_C w_B mr1 mt1 ph1">Delivery</span><span class="w_A w_C w_B mr1 mt1 ph1">2-day shipping</span></div><div class="flex flex-wrap justify-start items-center mt2"><span class="gray f6">In stock</span><span style="width:1px;height:14px;margin:3px 5px 3px 7px;background-color:#74767c"></span><i class="ld ld-Location mt1 mb1" style="font-size:1rem;vertical-align:-0.175em"></i><span class="f6">A16</span></div></div></div></div></div></div><div class="mb1 ph1 pa0-xl bb b--near-white w-25"><div class="h-100 pb1-xl pr4-xl pv1 ph1" style="content-visibility:auto;contain-intrinsic-size:198px 340px"><div data-item-id="16T24OL71ZCE" class="sans-serif mid-gray relative flex flex-column w-100 "><a link-identifier="10315422" class="absolute w-100 h-100 z-1" href="/ip/Walmart-Great-Value-Original-Macaroni-Cheese-7-25-oz/10315422?fulfillmentIntent=In-store"><span class="w_DY">Walmart Great Value Original Macaroni &amp; Cheese, 7.25 oz<!-- --> </span></a><div class="" data-testid="list-view"><div class=""><div class="h2 relative mb2"></div><div class="relative"><div class="relative overflow-hidden" style="max-width:290px;height:0;padding-bottom:min(290px, 100%);align-self:center;width:min(290px, 100%)"><img loading="lazy" srcset="https://i5.walmartimages.com/asr/fd2e0fc1-4f7e-4bed-a16f-7ced8154b55e_1.08cc1b6f1d3bad772ed1441475585a85.jpeg?odnHeight=290&amp;odnWidth=290&amp;odnBg=FFFFFF 1x, https://i5.walmartimages.com/asr/fd2e0fc1-4f7e-4bed-a16f-7ced8154b55e_1.08cc1b6f1d3bad772ed1441475585a85.jpeg?odnHeight=580&amp;odnWidth=580&amp;odnBg=FFFFFF 2x" width="" height="" class="absolute top-0 left-0" data-testid="productTileImage" alt="" src="https://i5.walmartimages.com/asr/fd2e0fc1-4f7e-4bed-a16f-7ced8154b55e_1.08cc1b6f1d3bad772ed1441475585a85.jpeg?odnHeight=580&amp;odnWidth=580&amp;odnBg=FFFFFF"/></div><div class="absolute z-2 bottom--1"><button class="w_AH w_AJ w_AO pointer bn bg-blue hover-bg-dark-blue white sans-serif b w-auto ph2 flex items-center justify-center shadow-1" type="button" aria-label="Add to cart - Walmart Great Value Original Macaroni &amp; Cheese, 7.25 oz"><i class="ld ld-Plus" style="font-size:1.5rem;vertical-align:-0.25em" title="add to cart"></i><span class="mr2">Add</span></button></div></div><div class="mt5 mb1" style="height:24px" data-testid="variant-16T24OL71ZCE"></div></div><div class=""><div class="flex flex-wrap justify-start items-center lh-title mb2 mb1-m"><div class="b black f5 mr1 mr2-xl lh-copy f4-l" aria-hidden="true">$0.50</div><span class="w_DY">current price $0.50</span><div class="f7 f6-l gray mr1">6.9 ¢/oz</div></div><span class="w_Bd" style="-webkit-line-clamp:3;padding-bottom:0em;margin-bottom:-0em"><span class="f6 f5-l normal dark-gray mb0 mt1 lh-title">Walmart Great Value Original Macaroni &amp; Cheese, 7.25 oz</span></span><div class="mv2 flex items-center"><div class="f7 mr1 blue b lh-copy">Save with</div><img loading="lazy" class="pr2 flex" src="//i5.walmartimages.com/dfw/63fd9f59-ac39/29c6759d-7f14-49fa-bd3a-b870eb4fb8fb/v1/wplus-icon-blue.svg" alt="Walmart Plus" height="20" width="20"/></div><div class="mt2 mb2"><span class="w_A w_C w_B mr1 mt1 ph1">Pickup</span><span class="w_A w_C w_B mr1 mt1 ph1">Delivery</span></div><div class="flex flex-wrap justify-start items-center mt2"><span class="gray f6">In stock</span><span style="width:1px;height:14px;margin:3px 5px 3px 7px;background-color:#74767c"></span><i class="ld ld-Location mt1 mb1" style="font-size:1rem;vertical-align:-0.175em"></i><span class="f6">A16</span></div></div></div></div></div></div><div class="mb1 ph1 pa0-xl bb b--near-white w-25"><div class="h-100 pb1-xl pr4-xl pv1 ph1" style="content-visibility:auto;contain-intrinsic-size:198px 340px"><div data-item-id="1JIJVHI27UR5" class="sans-serif mid-gray relative flex flex-column w-100 "><a link-identifier="10315229" class="absolute w-100 h-100 z-1" href="/ip/Great-Value-Deluxe-Original-Cheddar-Macaroni-Cheese-14-oz/10315229?fulfillmentIntent=In-store"><span class="w_DY">Great Value Deluxe Original Cheddar Macaroni &amp; Cheese, 14 oz<!-- --> </span></a><div class="" data-testid="list-view"><div class=""><div class="h2 relative mb2"></div><div class="relative"><div class="relative overflow-hidden" style="max-width:290px;height:0;padding-bottom:min(290px, 100%);align-self:center;width:min(290px, 100%)"><img loading="lazy" srcset="https://i5.walmartimages.com/asr/0b6543fb-59a4-448b-a787-7094f2448e27_2.368e3f1fbb0f9fa3ae8d34b54e619c48.jpeg?odnHeight=290&amp;odnWidth=290&amp;odnBg=FFFFFF 1x, https://i5.walmartimages.com/asr/0b6543fb-59a4-448b-a787-7094f2448e27_2.368e3f1fbb0f9fa3ae8d34b54e619c48.jpeg?odnHeight=580&amp;odnWidth=580&amp;odnBg=FFFFFF 2x" width="" height="" class="absolute top-0 left-0" data-testid="productTileImage" alt="" src="https://i5.walmartimages.com/asr/0b6543fb-59a4-448b-a787-7094f2448e27_2.368e3f1fbb0f9fa3ae8d34b54e619c48.jpeg?odnHeight=580&amp;odnWidth=580&amp;odnBg=FFFFFF"/></div><div class="absolute z-2 bottom--1"><button class="w_AH w_AJ w_AO pointer bn bg-blue hover-bg-dark-blue white sans-serif b w-auto ph2 flex items-center justify-center shadow-1" type="button" aria-label="Add to cart - Great Value Deluxe Original Cheddar Macaroni &amp; Cheese, 14 oz"><i class="ld ld-Plus" style="font-size:1.5rem;vertical-align:-0.25em" title="add to cart"></i><span class="mr2">Add</span></button></div></div><div class="mt5 mb1" style="height:24px" data-testid="variant-1JIJVHI27UR5"></div></div><div class=""><div class="flex flex-wrap justify-start items-center lh-title mb2 mb1-m"><div class="b black f5 mr1 mr2-xl lh-copy f4-l" aria-hidden="true">$1.48</div><span class="w_DY">current price $1.48</span><div class="f7 f6-l gray mr1">10.6 ¢/oz</div></div><span class="w_Bd" style="-webkit-line-clamp:3;padding-bottom:0em;margin-bottom:-0em"><span class="f6 f5-l normal dark-gray mb0 mt1 lh-title">Great Value Deluxe Original Cheddar Macaroni &amp; Cheese, 14 oz</span></span><div class="mv2 flex items-center"><div class="f7 mr1 blue b lh-copy">Save with</div><img loading="lazy" class="pr2 flex" src="//i5.walmartimages.com/dfw/63fd9f59-ac39/29c6759d-7f14-49fa-bd3a-b870eb4fb8fb/v1/wplus-icon-blue.svg" alt="Walmart Plus" height="20" width="20"/></div><div class="mt2 mb2"><span class="w_A w_C w_B mr1 mt1 ph1">Pickup</span><span class="w_A w_C w_B mr1 mt1 ph1">Delivery</span></div><div class="flex flex-wrap justify-start items-center mt2"><span class="gray f6">In stock</span><span style="width:1px;height:14px;margin:3px 5px 3px 7px;background-color:#74767c"></span><i class="ld ld-Location mt1 mb1" style="font-size:1rem;vertical-align:-0.175em"></i><span class="f6">A16</span></div></div></div></div></div></div><div class="mb1 ph1 pa0-xl bb b--near-white w-25"><div class="h-100 pb1-xl pr4-xl pv1 ph1" style="content-visibility:auto;contain-intrinsic-size:198px 340px"><div data-item-id="64ZONW5C501Y" class="sans-serif mid-gray relative flex flex-column w-100 "><a link-identifier="10295758" class="absolute w-100 h-100 z-1" href="/ip/Velveeta-Shells-Cheese-Original-Shell-Pasta-Cheese-Sauce-Meal-12-oz-Box/10295758?fulfillmentIntent=In-store"><span class="w_DY">Velveeta Shells &amp; Cheese Original Shell Pasta &amp; Cheese Sauce Meal, 12 oz Box<!-- --> </span></a><div class="" data-testid="list-view"><div class=""><div class="h2 relative mb2"></div><div class="relative"><div class="relative overflow-hidden" style="max-width:290px;height:0;padding-bottom:min(290px, 100%);align-self:center;width:min(290px, 100%)"><img loading="lazy" srcset="https://i5.walmartimages.com/asr/4b2bc203-8af4-4fee-9363-95a55ec56a1e.c25a8c6acb041fd1903e306d9b280de4.jpeg?odnHeight=290&amp;odnWidth=290&amp;odnBg=FFFFFF 1x, https://i5.walmartimages.com/asr/4b2bc203-8af4-4fee-9363-95a55ec56a1e.c25a8c6acb041fd1903e306d9b280de4.jpeg?odnHeight=580&amp;odnWidth=580&amp;odnBg=FFFFFF 2x" width="" height="" class="absolute top-0 left-0" data-testid="productTileImage" alt="" src="https://i5.walmartimages.com/asr/4b2bc203-8af4-4fee-9363-95a55ec56a1e.c25a8c6acb041fd1903e306d9b280de4.jpeg?odnHeight=580&amp;odnWidth=580&amp;odnBg=FFFFFF"/></div><div class="absolute z-2 bottom--1"><button class="w_AH w_AJ w_AO pointer bn bg-blue hover-bg-dark-blue white sans-serif b w-auto ph2 flex items-center justify-center shadow-1" type="button" aria-label="Add to cart - Velveeta Shells &amp; Cheese Original Shell Pasta &amp; Cheese Sauce Meal, 12 oz Box"><i class="ld ld-Plus" style="font-size:1.5rem;vertical-align:-0.25em" title="add to cart"></i><span class="mr2">Add</span></button></div></div><div class="mt5 mb1" style="height:24px" data-testid="variant-64ZONW5C501Y"></div></div><div class=""><div class="flex flex-wrap justify-start items-center lh-title mb2 mb1-m"><div class="b black f5 mr1 mr2-xl lh-copy f4-l" aria-hidden="true">$2.98</div><span class="w_DY">current price $2.98</span><div class="f7 f6-l gray mr1">24.8 ¢/oz</div></div><span class="w_Bd" style="-webkit-line-clamp:3;padding-bottom:0em;margin-bottom:-0em"><span class="f6 f5-l normal dark-gray mb0 mt1 lh-title">Velveeta Shells &amp; Cheese Original Shell Pasta &amp; Cheese Sauce Meal, 12 oz Box</span></span><div class="mv2 flex items-center"><div class="f7 mr1 blue b lh-copy">Save with</div><img loading="lazy" class="pr2 flex" src="//i5.walmartimages.com/dfw/63fd9f59-ac39/29c6759d-7f14-49fa-bd3a-b870eb4fb8fb/v1/wplus-icon-blue.svg" alt="Walmart Plus" height="20" width="20"/></div><div class="mt2 mb2"><span class="w_A w_C w_B mr1 mt1 ph1">Pickup</span><span class="w_A w_C w_B mr1 mt1 ph1">Delivery</span><span class="w_A w_C w_B mr1 mt1 ph1">3+ day shipping</span></div><div class="flex flex-wrap justify-start items-center mt2"><span class="gray f6">In stock</span><span style="width:1px;height:14px;margin:3px 5px 3px 7px;background-color:#74767c"></span><i class="ld ld-Location mt1 mb1" style="font-size:1rem;vertical-align:-0.175em"></i><span class="f6">A16</span></div></div></div></div></div></div><div class="mb1 ph1 pa0-xl bb b--near-white w-25"><div class="h-100 pb1-xl pr4-xl pv1 ph1" style="content-visibility:auto;contain-intrinsic-size:198px 340px"><div data-item-id="4B90TB0VVX52" class="sans-serif mid-gray relative flex flex-column w-100 "><a link-identifier="10533933" class="absolute w-100 h-100 z-1" href="/ip/Great-Value-Premium-Original-Shells-Cheese-12-oz/10533933?fulfillmentIntent=In-store"><span class="w_DY">Great Value Premium Original Shells &amp; Cheese, 12 oz<!-- --> </span></a><div class="" data-testid="list-view"><div class=""><div class="h2 relative mb2"></div><div class="relative"><div class="relative overflow-hidden" style="max-width:290px;height:0;padding-bottom:min(290px, 100%);align-self:center;width:min(290px, 100%)"><img loading="lazy" srcset="https://i5.walmartimages.com/asr/82771828-ac4f-423d-828e-2e9b6974cd6f_2.f6cd14768b2bcc0af2d084485d69e849.jpeg?odnHeight=290&amp;odnWidth=290&amp;odnBg=FFFFFF 1x, https://i5.walmartimages.com/asr/82771828-ac4f-423d-828e-2e9b6974cd6f_2.f6cd14768b2bcc0af2d084485d69e849.jpeg?odnHeight=580&amp;odnWidth=580&amp;odnBg=FFFFFF 2x" width="" height="" class="absolute top-0 left-0" data-testid="productTileImage" alt="" src="https://i5.walmartimages.com/asr/82771828-ac4f-423d-828e-2e9b6974cd6f_2.f6cd14768b2bcc0af2d084485d69e849.jpeg?odnHeight=580&amp;odnWidth=580&amp;odnBg=FFFFFF"/></div><div class="absolute z-2 bottom--1"><button class="w_AH w_AJ w_AO pointer bn bg-blue hover-bg-dark-blue white sans-serif b w-auto ph2 flex items-center justify-center shadow-1" type="button" aria-label="Add to cart - Great Value Premium Original Shells &amp; Cheese, 12 oz"><i class="ld ld-Plus" style="font-size:1.5rem;vertical-align:-0.25em" title="add to cart"></i><span class="mr2">Add</span></button></div></div><div class="mt5 mb1" style="height:24px" data-testid="variant-4B90TB0VVX52"></div></div><div class=""><div class="flex flex-wrap justify-start items-center lh-title mb2 mb1-m"><div class="b black f5 mr1 mr2-xl lh-copy f4-l" aria-hidden="true">$1.48</div><span class="w_DY">current price $1.48</span><div class="f7 f6-l gray mr1">12.3 ¢/oz</div></div><span class="w_Bd" style="-webkit-line-clamp:3;padding-bottom:0em;margin-bottom:-0em"><span class="f6 f5-l normal dark-gray mb0 mt1 lh-title">Great Value Premium Original Shells &amp; Cheese, 12 oz</span></span><div class="mv2 flex items-center"><div class="f7 mr1 blue b lh-copy">Save with</div><img loading="lazy" class="pr2 flex" src="//i5.walmartimages.com/dfw/63fd9f59-ac39/29c6759d-7f14-49fa-bd3a-b870eb4fb8fb/v1/wplus-icon-blue.svg" alt="Walmart Plus" height="20" width="20"/></div><div class="mt2 mb2"><span class="w_A w_C w_B mr1 mt1 ph1">Pickup</span><span class="w_A w_C w_B mr1 mt1 ph1">Delivery</span><span class="w_A w_C w_B mr1 mt1 ph1">3+ day shipping</span></div><div class="flex flex-wrap justify-start items-center mt2"><span class="gray f6">In stock</span><span style="width:1px;height:14px;margin:3px 5px 3px 7px;background-color:#74767c"></span><i class="ld ld-Location mt1 mb1" style="font-size:1rem;vertical-align:-0.175em"></i><span class="f6">A16</span></div></div></div></div></div></div></div></section></div><div class="w_AZ pa0" id="SEARCH-MarqueeDisplayAd-marquee2-mac and cheese-"></div><div class="pt3"><div class="w_AZ pa0" id="SEARCH-SponsoredProductCarousel-bottom-mac and cheese-"></div></div></div></div></div></div></main></div></div><span><footer class="bg-washed-blue pt5 lh-copy relative z-0"><div class="mb5 pv1 tc"><p class="f5 mt0">We’d love to hear what you think!</p><button class="w_AH w_AK w_AO" type="button">Give feedback</button></div><div class="bg-dark-blue pv4"><ul class="center flex flex-wrap justify-center list ma0 ph4 pb4 pt3" style="max-width:1280px"><li><a link-identifier="Privacy &amp; Security" href="https://corporate.walmart.com/privacy-security" class="no-underline pointer f6 white mr4" aria-label="Privacy &amp; Security - opens in a new window" target="_blank" rel="noopener noreferrer">Privacy &amp; Security</a></li><li><a link-identifier="CA Privacy Rights" href="https://corporate.walmart.com/privacy-security/california-privacy-rights" class="no-underline pointer f6 white mr4" aria-label="CA Privacy Rights - opens in a new window" target="_blank" rel="noopener noreferrer">CA Privacy Rights</a></li><li><a link-identifier="Do Not Sell My Personal Information" href="https://www.walmart.com/account/api/ccpa-intake?native=false&amp;app=gm&amp;type=sod" class="no-underline pointer f6 white mr4" aria-label="Do Not Sell My Personal Information - opens in a new window" target="_blank" rel="noopener noreferrer">Do Not Sell My Personal Information</a></li><li><a link-identifier="Request My Personal Information" href="https://www.walmart.com/account/api/ccpa-intake?native=false&amp;app=gm&amp;type=access" class="no-underline pointer f6 white mr4" aria-label="Request My Personal Information - opens in a new window" target="_blank" rel="noopener noreferrer">Request My Personal Information</a></li><li><a link-identifier="Help" class="no-underline pointer f6 white mr4" href="/help">Help</a></li><li><a link-identifier="Terms of Use" class="no-underline pointer f6 white mr4" href="/help/article/walmart-com-terms-of-use/3b75080af40340d6bbd596f116fae5a0">Terms of Use</a></li><li><a link-identifier="All Departments" class="no-underline pointer f6 white mr4" href="/all-departments">All Departments</a></li><li><a link-identifier="Store Directory" class="no-underline pointer f6 white" href="/store/directory">Store Directory</a></li></ul><div class="pt2 f7 lh-title tc white">© 2021 Walmart. All Rights Reserved.</div></div></footer></span></div></div></div><div aria-live="assertive"></div></div><script id="__NEXT_DATA__" type="application/json" nonce="TJkImobqdXUp4NaP">{"props":{"pageProps":{"initialData":{"moduleDataByZone":{"pillsTopZone":{"name":"0825 Guided Nav Pills","version":1,"type":"PillsModule","moduleId":"d80c120b-3158-42ac-9525-9b22e6c4fbac","schedule":{"priority":1},"matchedTrigger":{"zone":"pillsTopZone"},"configs":{"__typename":"TempoWM_GLASSWWWPillsModuleConfigs","moduleSource":"chipModule","pillsV2":[{"title":"Kraft Macaroni and Cheese","url":"https://www.walmart.com/search?q=Kraft+Macaroni+and+Cheese","image":null,"baseSeoURL":null},{"title":"Annie's Mac \u0026 cheese","url":"https://www.walmart.com/search?q=annie%27s+macaroni+and+cheese","image":null,"baseSeoURL":null},{"title":"Velveeta Mac \u0026 Cheese","url":"https://www.walmart.com/search?q=velveeta+macaroni+and+cheese","image":null,"baseSeoURL":null},{"title":"Cheetos Mac \u0026 Cheese","url":"https://www.walmart.com/search?q=cheetos+macaroni+and+cheese","image":null,"baseSeoURL":null},{"title":"Cup Macaroni and Cheese","url":"https://www.walmart.com/search?q=cup+macaroni+and+cheese","image":null,"baseSeoURL":null},{"title":"Frozen Macaroni \u0026 Cheese","url":"https://www.walmart.com/search?q=frozen+macaroni+and+cheese","image":null,"baseSeoURL":null}]}},"topZone3":{"name":"Default Sort \u0026 Filter","version":3,"type":"SearchSortFilterModule","moduleId":"8d6b5e69-db36-453a-bd8a-fcf0de045072","schedule":{"priority":1},"matchedTrigger":{"zone":"topZone3"},"configs":{"__typename":"_TempoWM_GLASSWWWSearchSortFilterModuleConfigs","facetsV1":[{"name":"Sort","type":"sort","layout":"default","min":null,"max":null,"selectedMin":null,"selectedMax":null,"unboundedMax":null,"stepSize":null,"values":[{"id":"best_seller","name":"Best Seller","description":null,"type":null,"itemCount":null,"isSelected":false,"baseSeoURL":null},{"id":"best_match","name":"Best Match","description":null,"type":null,"itemCount":null,"isSelected":true,"baseSeoURL":null},{"id":"price_low","name":"Price: low to high","description":null,"type":null,"itemCount":null,"isSelected":false,"baseSeoURL":null},{"id":"price_high","name":"Price: high to low","description":null,"type":null,"itemCount":null,"isSelected":false,"baseSeoURL":null}]},{"name":"In-store","type":"fulfillment_method_in_store","layout":"pill","min":null,"max":null,"selectedMin":null,"selectedMax":null,"unboundedMax":null,"stepSize":null,"values":null},{"name":"Fulfillment Method","type":"fulfillment_method","layout":"pill","min":null,"max":null,"selectedMin":null,"selectedMax":null,"unboundedMax":null,"stepSize":null,"values":[{"id":null,"name":"Pickup","description":"We'll bring it to you curbside or come inside to pick it up.","type":null,"itemCount":0,"isSelected":null,"baseSeoURL":null},{"id":null,"name":"Delivery","description":"Get your order brought to you from a store. Free with W+.","type":null,"itemCount":0,"isSelected":null,"baseSeoURL":null},{"id":null,"name":"Shipping","description":"Get your order shipped fast via FedEx or UPS.","type":null,"itemCount":0,"isSelected":null,"baseSeoURL":null}]},{"name":"Price","type":"price","layout":"pill","min":0,"max":20,"selectedMin":null,"selectedMax":null,"unboundedMax":true,"stepSize":1,"values":null},{"name":"Brand","type":"brand","layout":"pill","min":null,"max":null,"selectedMin":null,"selectedMax":null,"unboundedMax":null,"stepSize":null,"values":[{"id":null,"name":"Kraft","description":null,"type":null,"itemCount":27,"isSelected":null,"baseSeoURL":null},{"id":null,"name":"Great Value","description":null,"type":null,"itemCount":27,"isSelected":null,"baseSeoURL":null},{"id":null,"name":"Velveeta","description":null,"type":null,"itemCount":12,"isSelected":null,"baseSeoURL":null},{"id":null,"name":"Annie's","description":null,"type":null,"itemCount":19,"isSelected":null,"baseSeoURL":null},{"id":null,"name":"Cheetos","description":null,"type":null,"itemCount":6,"isSelected":null,"baseSeoURL":null},{"id":null,"name":"Marketside","description":null,"type":null,"itemCount":1,"isSelected":null,"baseSeoURL":null},{"id":null,"name":"Stouffer's","description":null,"type":null,"itemCount":7,"isSelected":null,"baseSeoURL":null},{"id":null,"name":"Chef Boyardee","description":null,"type":null,"itemCount":2,"isSelected":null,"baseSeoURL":null},{"id":null,"name":"Bob Evans","description":null,"type":null,"itemCount":4,"isSelected":null,"baseSeoURL":null},{"id":null,"name":"Knorr","description":null,"type":null,"itemCount":2,"isSelected":null,"baseSeoURL":null},{"id":null,"name":"Marie Callender's","description":null,"type":null,"itemCount":2,"isSelected":null,"baseSeoURL":null},{"id":null,"name":"Hormel","description":null,"type":null,"itemCount":8,"isSelected":null,"baseSeoURL":null},{"id":null,"name":"Pinkfong","description":null,"type":null,"itemCount":1,"isSelected":null,"baseSeoURL":null},{"id":null,"name":"Banquet","description":null,"type":null,"itemCount":4,"isSelected":null,"baseSeoURL":null},{"id":null,"name":"Panera Bread","description":null,"type":null,"itemCount":1,"isSelected":null,"baseSeoURL":null},{"id":null,"name":"Barilla","description":null,"type":null,"itemCount":1,"isSelected":null,"baseSeoURL":null},{"id":null,"name":"Hamburger Helper","description":null,"type":null,"itemCount":5,"isSelected":null,"baseSeoURL":null},{"id":null,"name":"Birdseye","description":null,"type":null,"itemCount":2,"isSelected":null,"baseSeoURL":null},{"id":null,"name":"Cracker Barrel","description":null,"type":null,"itemCount":2,"isSelected":null,"baseSeoURL":null},{"id":null,"name":"Lean Cuisine","description":null,"type":null,"itemCount":3,"isSelected":null,"baseSeoURL":null},{"id":null,"name":"Michelina's","description":null,"type":null,"itemCount":2,"isSelected":null,"baseSeoURL":null}]},{"name":"Departments","type":"cat_id","layout":"default","min":null,"max":null,"selectedMin":null,"selectedMax":null,"unboundedMax":null,"stepSize":null,"values":[{"id":"976759","name":"Food","description":null,"type":"cat_id","itemCount":142,"isSelected":null,"baseSeoURL":"/browse/food/976759"}]},{"name":"Fulfillment Speed","type":"fulfillment_speed","layout":"pill","min":null,"max":null,"selectedMin":null,"selectedMax":null,"unboundedMax":null,"stepSize":null,"values":[{"id":null,"name":"Today","description":null,"type":null,"itemCount":0,"isSelected":null,"baseSeoURL":null},{"id":null,"name":"Tomorrow","description":null,"type":null,"itemCount":0,"isSelected":null,"baseSeoURL":null},{"id":null,"name":"2 days","description":null,"type":null,"itemCount":0,"isSelected":null,"baseSeoURL":null},{"id":null,"name":"Anytime","description":null,"type":null,"itemCount":0,"isSelected":null,"baseSeoURL":null}]},{"name":"Flavor","type":"flavor","layout":"default","min":null,"max":null,"selectedMin":null,"selectedMax":null,"unboundedMax":null,"stepSize":null,"values":[{"id":null,"name":"Cheese","description":null,"type":null,"itemCount":19,"isSelected":null,"baseSeoURL":null},{"id":null,"name":"Original","description":null,"type":null,"itemCount":19,"isSelected":null,"baseSeoURL":null},{"id":null,"name":"Unflavored","description":null,"type":null,"itemCount":1,"isSelected":null,"baseSeoURL":null},{"id":null,"name":"White Cheddar","description":null,"type":null,"itemCount":1,"isSelected":null,"baseSeoURL":null}]},{"name":"Customer Rating","type":"customer_rating","layout":"default","min":null,"max":null,"selectedMin":null,"selectedMax":null,"unboundedMax":null,"stepSize":null,"values":[{"id":null,"name":"4 - 5 Stars","description":null,"type":null,"itemCount":10,"isSelected":null,"baseSeoURL":null},{"id":null,"name":"3 - 3.9 Stars","description":null,"type":null,"itemCount":10,"isSelected":null,"baseSeoURL":null},{"id":null,"name":"2 - 2.9 Stars","description":null,"type":null,"itemCount":10,"isSelected":null,"baseSeoURL":null},{"id":null,"name":"1 - 1.9 Stars","description":null,"type":null,"itemCount":10,"isSelected":null,"baseSeoURL":null}]},{"name":"Special Diet Needs","type":"dietary_need","layout":"default","min":null,"max":null,"selectedMin":null,"selectedMax":null,"unboundedMax":null,"stepSize":null,"values":[{"id":null,"name":"Cholesterol-Free","description":null,"type":null,"itemCount":2,"isSelected":null,"baseSeoURL":null},{"id":null,"name":"Dairy-Free","description":null,"type":null,"itemCount":1,"isSelected":null,"baseSeoURL":null},{"id":null,"name":"Fat-Free","description":null,"type":null,"itemCount":1,"isSelected":null,"baseSeoURL":null},{"id":null,"name":"GMO-Free","description":null,"type":null,"itemCount":1,"isSelected":null,"baseSeoURL":null},{"id":null,"name":"Gluten-Free","description":null,"type":null,"itemCount":6,"isSelected":null,"baseSeoURL":null},{"id":null,"name":"High Protein","description":null,"type":null,"itemCount":1,"isSelected":null,"baseSeoURL":null},{"id":null,"name":"Kosher","description":null,"type":null,"itemCount":9,"isSelected":null,"baseSeoURL":null},{"id":null,"name":"Lactose-Free","description":null,"type":null,"itemCount":1,"isSelected":null,"baseSeoURL":null},{"id":null,"name":"Low Fat","description":null,"type":null,"itemCount":1,"isSelected":null,"baseSeoURL":null},{"id":null,"name":"Low Sodium","description":null,"type":null,"itemCount":1,"isSelected":null,"baseSeoURL":null},{"id":null,"name":"No Artificial Colors","description":null,"type":null,"itemCount":2,"isSelected":null,"baseSeoURL":null},{"id":null,"name":"No Artificial Flavors","description":null,"type":null,"itemCount":6,"isSelected":null,"baseSeoURL":null},{"id":null,"name":"No Preservatives","description":null,"type":null,"itemCount":8,"isSelected":null,"baseSeoURL":null},{"id":null,"name":"Organic","description":null,"type":null,"itemCount":16,"isSelected":null,"baseSeoURL":null},{"id":null,"name":"Soy-Free","description":null,"type":null,"itemCount":1,"isSelected":null,"baseSeoURL":null},{"id":null,"name":"Sugar-Free","description":null,"type":null,"itemCount":1,"isSelected":null,"baseSeoURL":null},{"id":null,"name":"Trans Fat-Free","description":null,"type":null,"itemCount":11,"isSelected":null,"baseSeoURL":null},{"id":null,"name":"Vegan","description":null,"type":null,"itemCount":8,"isSelected":null,"baseSeoURL":null}]},{"name":"Category","type":"category","layout":"default","min":null,"max":null,"selectedMin":null,"selectedMax":null,"unboundedMax":null,"stepSize":null,"values":[{"id":null,"name":"Boxed Meals \u0026 Side Dishes","description":null,"type":null,"itemCount":7,"isSelected":null,"baseSeoURL":null},{"id":null,"name":"Canned Grains","description":null,"type":null,"itemCount":1,"isSelected":null,"baseSeoURL":null},{"id":null,"name":"Chili","description":null,"type":null,"itemCount":2,"isSelected":null,"baseSeoURL":null},{"id":null,"name":"Dry Beans","description":null,"type":null,"itemCount":1,"isSelected":null,"baseSeoURL":null},{"id":null,"name":"Frozen Meals \u0026 Entrees","description":null,"type":null,"itemCount":1,"isSelected":null,"baseSeoURL":null},{"id":null,"name":"Frozen Pasta \u0026 Noodles","description":null,"type":null,"itemCount":1,"isSelected":null,"baseSeoURL":null},{"id":null,"name":"Packaged Seafood","description":null,"type":null,"itemCount":1,"isSelected":null,"baseSeoURL":null},{"id":null,"name":"Pasta \u0026 Noodles","description":null,"type":null,"itemCount":7,"isSelected":null,"baseSeoURL":null},{"id":null,"name":"Pasta Meals \u0026 Mixes","description":null,"type":null,"itemCount":1,"isSelected":null,"baseSeoURL":null},{"id":null,"name":"Prepared Foods","description":null,"type":null,"itemCount":2,"isSelected":null,"baseSeoURL":null},{"id":null,"name":"Soups","description":null,"type":null,"itemCount":1,"isSelected":null,"baseSeoURL":null}]},{"name":"Container","type":"container_type","layout":"default","min":null,"max":null,"selectedMin":null,"selectedMax":null,"unboundedMax":null,"stepSize":null,"values":[{"id":null,"name":"Box","description":null,"type":null,"itemCount":55,"isSelected":null,"baseSeoURL":null},{"id":null,"name":"Can","description":null,"type":null,"itemCount":6,"isSelected":null,"baseSeoURL":null},{"id":null,"name":"Cup","description":null,"type":null,"itemCount":5,"isSelected":null,"baseSeoURL":null},{"id":null,"name":"Pouch","description":null,"type":null,"itemCount":2,"isSelected":null,"baseSeoURL":null},{"id":null,"name":"Tray","description":null,"type":null,"itemCount":3,"isSelected":null,"baseSeoURL":null}]},{"name":"Nutritional Content","type":"nutrient_content_claims","layout":"default","min":null,"max":null,"selectedMin":null,"selectedMax":null,"unboundedMax":null,"stepSize":null,"values":[{"id":null,"name":"Cholesterol-Free","description":null,"type":null,"itemCount":2,"isSelected":null,"baseSeoURL":null},{"id":null,"name":"Dairy-Free","description":null,"type":null,"itemCount":1,"isSelected":null,"baseSeoURL":null},{"id":null,"name":"Fat-Free","description":null,"type":null,"itemCount":1,"isSelected":null,"baseSeoURL":null},{"id":null,"name":"GMO-Free","description":null,"type":null,"itemCount":1,"isSelected":null,"baseSeoURL":null},{"id":null,"name":"Gluten-Free","description":null,"type":null,"itemCount":6,"isSelected":null,"baseSeoURL":null},{"id":null,"name":"High Protein","description":null,"type":null,"itemCount":1,"isSelected":null,"baseSeoURL":null},{"id":null,"name":"Kosher","description":null,"type":null,"itemCount":9,"isSelected":null,"baseSeoURL":null},{"id":null,"name":"Lactose-Free","description":null,"type":null,"itemCount":1,"isSelected":null,"baseSeoURL":null},{"id":null,"name":"Low Fat","description":null,"type":null,"itemCount":1,"isSelected":null,"baseSeoURL":null},{"id":null,"name":"Low Sodium","description":null,"type":null,"itemCount":1,"isSelected":null,"baseSeoURL":null},{"id":null,"name":"No Artificial Colors","description":null,"type":null,"itemCount":2,"isSelected":null,"baseSeoURL":null},{"id":null,"name":"No Artificial Flavors","description":null,"type":null,"itemCount":6,"isSelected":null,"baseSeoURL":null},{"id":null,"name":"No Preservatives","description":null,"type":null,"itemCount":8,"isSelected":null,"baseSeoURL":null},{"id":null,"name":"ORGANIC","description":null,"type":null,"itemCount":16,"isSelected":null,"baseSeoURL":null},{"id":null,"name":"Organic","description":null,"type":null,"itemCount":16,"isSelected":null,"baseSeoURL":null},{"id":null,"name":"Soy-Free","description":null,"type":null,"itemCount":1,"isSelected":null,"baseSeoURL":null},{"id":null,"name":"Sugar-Free","description":null,"type":null,"itemCount":1,"isSelected":null,"baseSeoURL":null},{"id":null,"name":"Trans Fat-Free","description":null,"type":null,"itemCount":11,"isSelected":null,"baseSeoURL":null},{"id":null,"name":"Vegan","description":null,"type":null,"itemCount":8,"isSelected":null,"baseSeoURL":null}]},{"name":"Color","type":"color","layout":"default","min":null,"max":null,"selectedMin":null,"selectedMax":null,"unboundedMax":null,"stepSize":null,"values":[{"id":null,"name":"Multicolor","description":null,"type":null,"itemCount":12,"isSelected":null,"baseSeoURL":null},{"id":null,"name":"Clear","description":null,"type":null,"itemCount":2,"isSelected":null,"baseSeoURL":null},{"id":null,"name":"Silver","description":null,"type":null,"itemCount":1,"isSelected":null,"baseSeoURL":null},{"id":null,"name":"Other","description":null,"type":null,"itemCount":10,"isSelected":null,"baseSeoURL":null}]},{"name":"Form","type":"food_form","layout":"default","min":null,"max":null,"selectedMin":null,"selectedMax":null,"unboundedMax":null,"stepSize":null,"values":[{"id":null,"name":"Liquids","description":null,"type":null,"itemCount":2,"isSelected":null,"baseSeoURL":null},{"id":null,"name":"Whole","description":null,"type":null,"itemCount":1,"isSelected":null,"baseSeoURL":null}]},{"name":"Retailer","type":"retailer_type","layout":"default","min":null,"max":null,"selectedMin":null,"selectedMax":null,"unboundedMax":null,"stepSize":null,"values":[{"id":null,"name":"Walmart","description":null,"type":null,"itemCount":161,"isSelected":null,"baseSeoURL":null}]},{"name":"Benefit Cards","type":"snap_eligible","layout":"default","min":null,"max":null,"selectedMin":null,"selectedMax":null,"unboundedMax":null,"stepSize":null,"values":[{"id":null,"name":"EBT food eligible","description":null,"type":null,"itemCount":156,"isSelected":null,"baseSeoURL":null}]}]}},"bottomZone1":{"name":"Marquee Display Ad BTF","version":3,"type":"MarqueeDisplayAd","moduleId":"986350d5-0bd6-4feb-916f-b7081f246aeb","schedule":{"priority":1},"matchedTrigger":{"zone":"bottomZone1"},"configs":{"__typename":"TempoWM_GLASSWWWMarqueeDisplayAdConfigs","_rawConfigs":{"moduleLocation":"marquee2","lazy":"1000"},"ad":null}},"topZone2":{"name":"Search Brand Amplifier Ad","version":2,"type":"BrandAmplifierAd","moduleId":"ce73cb9e-2029-4083-80c4-d6aced706cf0","schedule":{"priority":1},"matchedTrigger":{"zone":"topZone2"},"configs":{"__typename":"TempoWM_GLASSWWWBrandAmplifierAdConfigs","_rawConfigs":{"moduleLocation":"top"},"moduleLocation":"top","ad":{"status":"SUCCESS","moduleType":"BrandAmplifierAd","platform":"DESKTOP","pageId":"mac and cheese","pageType":"SEARCH","storeId":"999","stateCode":"TX","zipCode":"78242","pageContext":{"searchNormalize":{"normalized_query":"macaroni and cheese","original_query":"mac and cheese","rewritten_query":"macaroni and cheese","specificity":"broad","top_query_cat_path":"/976759/976794/5614446/6189969","top_query_cat_path_name":"/Food/Pantry/Boxed Meals \u0026 Side Dishes/Macaroni \u0026 Cheese","analytics_log":{"fe_log":{"dept":"/976759/976794/5614446/6189969","g":"S","s":"b","trf":"ht"}}}},"moduleConfigs":{"moduleLocation":"top"},"adsContext":{"locationContext":{"zipCode":"78242","stateCode":"TX","storeId":"999","pickupStore":null,"deliveryStore":null,"intent":null,"incatchment":true},"itemId":"","categoryId":"976759_976794_5614446_6189969","categoryName":"Food/Pantry/Boxed Meals \u0026 Side Dishes/Macaroni \u0026 Cheese","brand":"","productName":"","productTypeId":"","normKeyword":"macaroni and cheese","verticalId":"","dedupeList":[""]},"adRequestComposite":{"isDebug":false,"isManualShelf":false,"keyword":"macaroni and cheese"},"adContent":{"type":"SPONSORED_PRODUCTS","data":{"__typename":"SponsoredBrands","adUuid":"ebf1cc17-8caa-47ef-a0da-2e7da22c5aed","adExpInfo":null,"moduleInfo":"{\"adExpId\":\"\",\"bucketId\":\"2243\"}","brands":[]}}}}},"topZone5":{"name":"Search Fitment Module","version":2,"type":"SearchFitment","moduleId":"4e756e28-80b7-499d-aae4-b46bbc21b554","schedule":{"priority":1},"matchedTrigger":{"zone":"topZone5"},"configs":{"__typename":"TempoWM_GLASSWWWSearchFitmentModuleConfigs","fitments":null}},"topZone6":{"name":"Search Non Item Module","version":1,"type":"SearchNonItem","moduleId":"8a6208c9-6ee9-4d9e-96a3-3b2cad2d690e","schedule":{"priority":1},"matchedTrigger":{"zone":"topZone6"},"configs":{"title":null,"subTitle":null,"urlLinkText":null,"url":null,"__typename":"TempoWM_GLASSWWWSearchNonItemConfigs"}},"topZone1":{"name":"Skyline Display Ad","version":2,"type":"SkylineDisplayAd","moduleId":"d82a07bd-471a-46ef-9926-63ae0bd7dbc2","schedule":{"priority":1},"matchedTrigger":{"zone":"topZone1"},"configs":{"__typename":"TempoWM_GLASSWWWSkylineDisplayAdConfigs","_rawConfigs":{"moduleLocation":"top"},"ad":{"status":"SUCCESS","moduleType":"SkylineDisplayAd","platform":"DESKTOP","pageId":"mac and cheese","pageType":"SEARCH","storeId":"999","stateCode":"TX","zipCode":"78242","pageContext":{"searchNormalize":{"normalized_query":"macaroni and cheese","original_query":"mac and cheese","rewritten_query":"macaroni and cheese","specificity":"broad","top_query_cat_path":"/976759/976794/5614446/6189969","top_query_cat_path_name":"/Food/Pantry/Boxed Meals \u0026 Side Dishes/Macaroni \u0026 Cheese","analytics_log":{"fe_log":{"dept":"/976759/976794/5614446/6189969","g":"S","s":"b","trf":"ht"}}}},"moduleConfigs":{"moduleLocation":"top"},"adsContext":{"locationContext":{"zipCode":"78242","stateCode":"TX","storeId":"999","pickupStore":null,"deliveryStore":null,"intent":null,"incatchment":true},"itemId":"","categoryId":"976759_976794_5614446_6189969","categoryName":"Food/Pantry/Boxed Meals \u0026 Side Dishes/Macaroni \u0026 Cheese","brand":"","productName":"","productTypeId":"","normKeyword":"macaroni and cheese","verticalId":"","dedupeList":[""]},"adRequestComposite":{"isDebug":false,"isManualShelf":false,"keyword":"macaroni and cheese"},"adContent":{"type":"DISPLAY_AD","data":{"__typename":"DisplayAd","json":{"uuId":"b78253f3-7f2b-4839-91b6-a6bc06ec4391","viewIVT3PVendor2":"","advertiserID":"12681782","cta":"Shop now","imageAltText":"With Colliders it's the candy you love, now spoonable.","viewIVT3PURL2":"","headline":"Love it.","impTracker3PURL2":"","adUnitID":"22376256993","viewIVT3PVendor1":"doubleverify","subhead":"Spoon it.","impTracker3PURL3":"","orderID":"2844749997","impTracker3PURL1":"https://ad.doubleclick.net/ddm/trackimp/N7954.3120783WALMART/B25832102.304193998;dc_trk_aid=504098841;dc_trk_cid=156247248;ord=57890750;dc_lat=;dc_rdid=;tag_for_child_directed_treatment=;tfua=;gdpr=;gdpr_consent=;ltd=?","mainImage":"https://tpc.googlesyndication.com/simgad/1373374390036971256?","viewIVT3PURL1":"https://cdn.doubleverify.com/dvtp_src.js#ctx=3171113\u0026cmp=25832102\u0026sid=5443352\u0026plc=304193998\u0026adsrv=1\u0026btreg=\u0026btadsrv=\u0026crt=\u0026tagtype=\u0026dvtagver=6.1.src","logoImage":"https://tpc.googlesyndication.com/simgad/16490396688309891163?","logoAltText":"Colliders ","IMPRESSION_URLS":["https://securepubads.g.doubleclick.net/pcs/view?xai=AKAOjssTuqJzH0BV82JDQGHuMoMJAGovjCW1a5ddQGwp4LnvZZGG1aGEnWfHYgBWkrxBRukAl0QBOGzygs4XqwV3LKIPFJnCEDrSGvC_LAGPg_syge7Ksmgoijt6VxzeO2i6rYN1KQQt7oMfXMhG1XcVn7eUAhDermFenw4Hnyh1So9aC0UAAI9OmzKV4A07SdbDbv_D2wCejcmJmq6NHWMMKtFkaL58decaWNl6GARWsXquEhZKEToGAWMyLZO3M_U-zGS2S6RqHSxksEiAISLu92OMfPL2Xx3HZvL1E8rS-60_v26a5Obq6MRxQSq1MLTaju0jhIXlhKbtncfuHZEhT-Ck6qDWFHlDqThp-Q\u0026sai=AMfl-YSwdlUSS0eCXQAyd2prZ1DNWhhJ-xqgfaZ8Reky9J146OsKSwRkdQznQagDEQcq0afUlVWIc-AyZmZC-71eRKkdlGGN8xkn_S4ThIIiElwbyh8MBA8\u0026sig=Cg0ArKJSzEQeZqMlzIuTEAE\u0026urlfix=1\u0026adurl="],"DEST_URL":"https://adclick.g.doubleclick.net/pcs/click?xai=AKAOjsvKyE-VXH04A7e_TBsPN-b5yjAhdH5Fc9LE77PKvdduEkpgNIlit82OI6dnWpXR_8hqrq50oyKo3hWt3Xfmrwyf3eIZfAIYGcZWcUgx7oRVqEnGCq6aMrUhIglpSPbYBauuBc5PW3H9J2hNFv_bLGYk4oQGTnuqGLw1PZD8Av7az50kczIX1ugBhzeEdVgFAO-KQrDM8UShSN17bz8DlKZzylIHGwfN0aAuOMbwwbkdnkrosHpqQqwHc0hauLAOon31bwmvj_XXLDnYYXzNjNTKXX_bPw5owPctvgJb3hPaQUfdu6BTTpuz3KEL-yPDFQi3wSUY2kiKanf5WvqgcF_-e1A\u0026sai=AMfl-YSK4tROGNTb1TzouJPY3tctcQ8ikPjfUj635RZL8bNhJBI3r2fdn6LfKO_L-Z0cD_vwmJSZeWd2fShD_i55blOpDJeAsXg_SeXJvoab\u0026sig=Cg0ArKJSzJrcw0HR_a_TEAE\u0026fbs_aeid=[gw_fbsaeid]\u0026urlfix=1\u0026adurl=https://ad.doubleclick.net/ddm/trackclk/N7954.3120783WALMART/B25832102.304193998%3Bdc_trk_aid%3D504098841%3Bdc_trk_cid%3D156247248%3Bdc_lat%3D%3Bdc_rdid%3D%3Btag_for_child_directed_treatment%3D%3Btfua%3D%3Bltd%3D","metaData":{"custom_template_id":"12009286","cacheBuster":1634262274334,"dfpParams":{"correlator":"987510312111","native_custom_templates":"12009286,11759350,12050531,11759350","userAgent":"Mozilla/5.0 (Windows NT 10.0; Win64; x64) AppleWebKit/537.36 (KHTML, like Gecko) Chrome/94.0.4606.81 Safari/537.36","clientIp":"24.242.57.82","dfpTag":"/55875582/WMUS/search/food/pantry/boxedmealssidedishes/macaronicheese","targeting":{"env":"prod","ivt":"","correlator":"bKgyveakkGdQzN-FL62Uk2bkpwxoyjp45_Zc","ptype":"search","login":"no","s2s":"true","framework":"glass","wmppid":"d1fd2bb3fb46e62d22d25f683bfb3e8e3d49b849c4810fb2754d381a47371d59","usrTax":"976759_976794_5614446_6189969","categoryId":"6189969","catPathName":"Food/Pantry/Boxed Meals \u0026 Side Dishes/Macaroni \u0026 Cheese","xpa":"CrlKe,LVOQy,Lqf76,OcF91,Si9iN,_51B3,hmexM,iYZS1,mFXBT,rPe7R,vE-E8,wTIF0,zgen4","vtc":"YgorzntHIaanZRL5u-_vtw","vtcBucket":"1","bstc":"VdFoCUUTvLRpSTz0IWWRgQ","ivtTorbot":"zinc=???SBC?????E???JADHI@AF????; asn=11427; country=US; usertype=residential;","ivtScore":"0","location":"skyline1","tile":"1","search":"mac and cheese","sessId":"b78253f3-7f2b-4839-91b6-a6bc06ec4391-skyline1"}},"dfpResponse":{"googleLineitemId":"5668972766","googleCreativeId":"138360012523"},"isInternal":false,"beaconDebug":{"ip":"24.242.57.82","forwardedIP":"24.242.57.82","cacheBuster":1634262274334}}},"status":"SUCCESS"}}}}},"bottomZone2":{"name":"Sponsored Product Carousel - rweb","version":2,"type":"SponsoredProductCarousel","moduleId":"304f501d-075d-4a59-89aa-6e23bf0fdb64","schedule":{"priority":1},"matchedTrigger":{"zone":"bottomZone2"},"configs":{"__typename":"TempoWM_GLASSWWWSponsoredProductCarouselConfigs","_rawConfigs":{"title":"Products you may also like","moduleLocation":"bottom","lazy":"1000"}}}},"layoutContainerData":{"type":"container","flow":"vertical","content":[{"type":"container","flow":"vertical","content":{"type":"slot","id":"top","mapping":[{"type":"ZONE","options":{"refId":"topZone1"}},{"type":"ZONE","options":{"refId":"topZone2"}},{"type":"ZONE","options":{"refId":"topZone3"}},{"type":"ZONE","options":{"refId":"pillsTopZone"}},{"type":"ZONE","options":{"refId":"topZone4"}},{"type":"ZONE","options":{"refId":"topZone5"}},{"type":"ZONE","options":{"refId":"topZone6"}},{"type":"ZONE","options":{"refId":"topZone7"}}]}},{"type":"container","flow":"vertical","content":{"type":"slot","id":"stacks","mapping":[{"type":"EXTERNAL","options":{"refId":"stacks1","tempoLabel":"Stacks Zone","displayInTempo":true}},{"type":"ZONE","options":{"refId":"bottomZone1"}},{"type":"ZONE","options":{"refId":"bottomZone2"}},{"type":"ZONE","options":{"refId":"bottomZone3"}},{"type":"ZONE","options":{"refId":"bottomZone4"}},{"type":"ZONE","options":{"refId":"bottomZone5"}}]}}]},"searchResult":{"title":"Results for \"mac and cheese\"","aggregatedCount":161,"breadCrumb":null,"debug":{"sisUrl":"http://search-interface.walmart.net/v1/search?query=mac%20and%20cheese\u0026facet=fulfillment_method%3AIn-store\u0026stores=999\u0026cat_id=\u0026sort=best_match\u0026page=1\u0026min_price=\u0026max_price=\u0026spelling=true\u0026ptss=\u0026trsp=\u0026prg=desktop\u0026affinityOverride=store_led\u0026storeSlotBooked=\u0026stateOrProvinceCode=TX\u0026ps=40\u0026zipcode=78242\u0026recall_set=\u0026inCatchment=true\u0026latitude=29.3531\u0026longitude=-98.614\u0026extended_zipcode=78242\u0026addressId="},"itemStacks":[{"displayMessage":null,"meta":{"adsBeacon":{"adUuid":"2E0HUiQtFmh1YSDRYX2JjG25yhkfJNS3LcIZ","moduleInfo":"{\"adUuid\":\"2E0HUiQtFmh1YSDRYX2JjG25yhkfJNS3LcIZ\"}","max_ads":8},"query":"mac and cheese","stackId":0,"stackType":"STORE_LED","title":"Results for \"mac and cheese\"","layoutEnum":"GRID","totalItemCount":161,"totalItemCountDisplay":"(161)","viewAllParams":null},"itemsV2":null,"title":"Results for \"mac and cheese\"","totalItemCountDisplay":"(161)","count":161,"items":[{"__typename":"Product","availabilityStatusDisplayValue":"In stock","productLocationDisplayValue":"A16","externalInfoUrl":"","canonicalUrl":"/ip/Annie-s-Classic-Cheddar-Macaroni-and-Cheese-Pasta-Mac-and-Cheese-6-oz/10535862?fulfillmentIntent=In-store","canAddToCart":true,"showOptions":false,"description":"\u003cli\u003eMade with organic pasta\u003c/li\u003e\u003cli\u003eNo artificial flavors, synthetic colors, or preservatives\u003c/li\u003e\u003cli\u003eMade with 100% real cheese\u003c/li\u003e","flag":"","fulfillmentBadges":["Pickup","Delivery"],"fulfillmentIcon":{"key":"SAVE_WITH_W_PLUS","label":"Save with"},"fulfillmentBadge":"","fulfillmentSpeed":[],"fulfillmentType":"STORE","id":"1LY14P0MJI6W","usItemId":"10535862","image":"https://i5.walmartimages.com/asr/d7a51136-b782-4cd6-822e-d982bc980fbf.21e4e663021c64e9a5bcf76b97160c2e.png?odnHeight=180\u0026odnWidth=180\u0026odnBg=ffffff","isOutOfStock":false,"esrb":"","mediaRating":"","name":"Annie's Classic Cheddar Macaroni and Cheese, Pasta \u0026 Mac and Cheese, 6 oz","price":1.18,"preOrder":{"isPreOrder":false,"preOrderMessage":null,"preOrderStreetDateMessage":null},"priceInfo":{"itemPrice":"","linePrice":"$1.18","wasPrice":"","unitPrice":"19.7 ¢/oz","shipPrice":"","minPriceForVariant":"","subscriptionPrice":"","subscriptionString":"","priceDisplayCondition":"","finalCostByWeight":false,"submapType":""},"rating":{"averageRating":0,"numberOfReviews":0},"salesUnit":"EACH","variantList":[],"isVariantTypeSwatch":false,"brand":null,"manufacturerName":null,"offerId":"66C91F93C5784AB4BAD68AD1A1BC65D2","fitmentLabel":"","isAtfMarker":false,"sellerId":"F55CDC31AB754BB68FE0B39041159D63","sellerName":"Walmart.com","hasSellerBadge":null,"seller":{"name":"Walmart.com","sellerId":"F55CDC31AB754BB68FE0B39041159D63"},"sponsoredProduct":{"spQs":"oTbWTIihW_WrajJb30HqlBpQkiXXd8e_z1nXT8G0drQ0PUsAh8lQ_70Kl_y2XuSgVG-sEUkwavvZE2hh0Q8WtWs-nckrLq-VwpcgDHGVx00","clickBeacon":"https://wrd.walmart.com/track?storeId=999\u0026mloc=sp-search-middle\u0026pt=search\u0026pltfm=desktop\u0026tax=976759_976794_5614446_6189969\u0026rdf=0\u0026plmt=__plmt__\u0026eventST=__eventST__\u0026spQs=oTbWTIihW_WrajJb30HqlBpQkiXXd8e_z1nXT8G0drQ0PUsAh8lQ_70Kl_y2XuSgVG-sEUkwavvZE2hh0Q8WtWs-nckrLq-VwpcgDHGVx00\u0026pos=__pos__\u0026pgId=mac+and+cheese\u0026bt=__bt__\u0026adUid=2E0HUiQtFmh1YSDRYX2JjG25yhkfJNS3LcIZ","spTags":null}},{"__typename":"Product","availabilityStatusDisplayValue":"In stock","productLocationDisplayValue":"A16","externalInfoUrl":"","canonicalUrl":"/ip/Annie-s-Shells-Aged-Cheddar-Macaroni-and-Cheese-Mac-and-Cheese-6-oz/10294619?fulfillmentIntent=In-store","canAddToCart":true,"showOptions":false,"description":"\u003cli\u003eMade with organic pasta\u003c/li\u003e\u003cli\u003eNo artificial flavors, synthetic colors, or preservatives\u003c/li\u003e\u003cli\u003eMade with 100% real cheese\u003c/li\u003e","flag":"","fulfillmentBadges":["Pickup","Delivery","2-day shipping"],"fulfillmentIcon":{"key":"SAVE_WITH_W_PLUS","label":"Save with"},"fulfillmentBadge":"","fulfillmentSpeed":[],"fulfillmentType":"STORE","id":"3DF9IE792Z4G","usItemId":"10294619","image":"https://i5.walmartimages.com/asr/bf5d5053-cdd1-4f81-9504-19e45d54bf8a.5aee14cc7ec86629092fec839ce2d3a8.png?odnHeight=180\u0026odnWidth=180\u0026odnBg=ffffff","isOutOfStock":false,"esrb":"","mediaRating":"","name":"Annie's Shells \u0026 Aged Cheddar Macaroni and Cheese, Mac and Cheese, 6 oz","price":1.18,"preOrder":{"isPreOrder":false,"preOrderMessage":null,"preOrderStreetDateMessage":null},"priceInfo":{"itemPrice":"","linePrice":"$1.18","wasPrice":"","unitPrice":"19.7 ¢/oz","shipPrice":"","minPriceForVariant":"","subscriptionPrice":"","subscriptionString":"","priceDisplayCondition":"","finalCostByWeight":false,"submapType":""},"rating":{"averageRating":0,"numberOfReviews":0},"salesUnit":"EACH","variantList":[],"isVariantTypeSwatch":false,"brand":null,"manufacturerName":null,"offerId":"E9021E079A67403A9939F3369CFC14AD","fitmentLabel":"","isAtfMarker":false,"sellerId":"F55CDC31AB754BB68FE0B39041159D63","sellerName":"Walmart.com","hasSellerBadge":null,"seller":{"name":"Walmart.com","sellerId":"F55CDC31AB754BB68FE0B39041159D63"},"sponsoredProduct":{"spQs":"oTbWTIihW_WrajJb30HqlBpQkiXXd8e_z1nXT8G0drSYyDdiP--1Fqq3Ry45MXw7VG-sEUkwavvZE2hh0Q8WtWs-nckrLq-VwpcgDHGVx00","clickBeacon":"https://wrd.walmart.com/track?storeId=999\u0026mloc=sp-search-middle\u0026pt=search\u0026pltfm=desktop\u0026tax=976759_976794_5614446_6189969\u0026rdf=0\u0026plmt=__plmt__\u0026eventST=__eventST__\u0026spQs=oTbWTIihW_WrajJb30HqlBpQkiXXd8e_z1nXT8G0drSYyDdiP--1Fqq3Ry45MXw7VG-sEUkwavvZE2hh0Q8WtWs-nckrLq-VwpcgDHGVx00\u0026pos=__pos__\u0026pgId=mac+and+cheese\u0026bt=__bt__\u0026adUid=2E0HUiQtFmh1YSDRYX2JjG25yhkfJNS3LcIZ","spTags":null}},{"__typename":"Product","availabilityStatusDisplayValue":"In stock","productLocationDisplayValue":"A16","externalInfoUrl":"","canonicalUrl":"/ip/Kraft-Original-Macaroni-Cheese-Dinner-7-25-oz-Box/10295756?fulfillmentIntent=In-store","canAddToCart":true,"showOptions":false,"description":"\u003cli\u003emacaroni and cheese\u003c/li\u003e","flag":"","fulfillmentBadges":["Pickup","Delivery"],"fulfillmentIcon":{"key":"SAVE_WITH_W_PLUS","label":"Save with"},"fulfillmentBadge":"","fulfillmentSpeed":[],"fulfillmentType":"STORE","id":"25I6BG3WA1IA","usItemId":"10295756","image":"https://i5.walmartimages.com/asr/2c10224e-7fa9-4748-b0cb-7608f47a0e5e.4d39334f838afac1a7c541fd41bc969a.jpeg?odnHeight=180\u0026odnWidth=180\u0026odnBg=ffffff","isOutOfStock":false,"esrb":"","mediaRating":"","name":"Kraft Original Macaroni \u0026 Cheese Dinner, 7.25 oz Box","price":0.88,"preOrder":{"isPreOrder":false,"preOrderMessage":null,"preOrderStreetDateMessage":null},"priceInfo":{"itemPrice":"","linePrice":"$0.88","wasPrice":"","unitPrice":"12.1 ¢/oz","shipPrice":"","minPriceForVariant":"","subscriptionPrice":"","subscriptionString":"","priceDisplayCondition":"","finalCostByWeight":false,"submapType":""},"rating":{"averageRating":0,"numberOfReviews":0},"salesUnit":"EACH","variantList":[],"isVariantTypeSwatch":false,"brand":null,"manufacturerName":null,"offerId":"972F9E23C41D4B75B55479D0B5D6DA3E","fitmentLabel":"","isAtfMarker":false,"sellerId":"F55CDC31AB754BB68FE0B39041159D63","sellerName":"Walmart.com","hasSellerBadge":null,"seller":{"name":"Walmart.com","sellerId":"F55CDC31AB754BB68FE0B39041159D63"},"sponsoredProduct":null},{"__typename":"Product","availabilityStatusDisplayValue":"In stock","productLocationDisplayValue":"A16","externalInfoUrl":"","canonicalUrl":"/ip/Kraft-Original-Macaroni-Cheese-Easy-Microwavable-Dinner-4-ct-Pack-2-05-oz-Cups/14869830?fulfillmentIntent=In-store","canAddToCart":true,"showOptions":false,"description":"\u003cli\u003eeasy macaroni and cheese\u003c/li\u003e","flag":"","fulfillmentBadges":["Pickup","Delivery","2-day shipping"],"fulfillmentIcon":{"key":"SAVE_WITH_W_PLUS","label":"Save with"},"fulfillmentBadge":"","fulfillmentSpeed":[],"fulfillmentType":"STORE","id":"2F58JWH44L4S","usItemId":"14869830","image":"https://i5.walmartimages.com/asr/2ea7013e-2221-4253-a93f-64d6ac1b0f63.7d6c8f9571d384d83ddb4264516a51e6.jpeg?odnHeight=180\u0026odnWidth=180\u0026odnBg=ffffff","isOutOfStock":false,"esrb":"","mediaRating":"","name":"Kraft Original Macaroni \u0026 Cheese Easy Microwavable Dinner, 4 ct Pack, 2.05 oz Cups","price":3.78,"preOrder":{"isPreOrder":false,"preOrderMessage":null,"preOrderStreetDateMessage":null},"priceInfo":{"itemPrice":"","linePrice":"$3.78","wasPrice":"","unitPrice":"46.2 ¢/oz","shipPrice":"","minPriceForVariant":"","subscriptionPrice":"","subscriptionString":"","priceDisplayCondition":"","finalCostByWeight":false,"submapType":""},"rating":{"averageRating":0,"numberOfReviews":0},"salesUnit":"EACH","variantList":[],"isVariantTypeSwatch":false,"brand":null,"manufacturerName":null,"offerId":"C17B57C0B47242789D60A0FC0EFE230A","fitmentLabel":"","isAtfMarker":false,"sellerId":"F55CDC31AB754BB68FE0B39041159D63","sellerName":"Walmart.com","hasSellerBadge":null,"seller":{"name":"Walmart.com","sellerId":"F55CDC31AB754BB68FE0B39041159D63"},"sponsoredProduct":null},{"__typename":"Product","availabilityStatusDisplayValue":"In stock","productLocationDisplayValue":"A16","externalInfoUrl":"","canonicalUrl":"/ip/Kraft-Original-Macaroni-Cheese-Dinner-5-ct-Pack-7-25-oz-Boxes/14869676?fulfillmentIntent=In-store","canAddToCart":true,"showOptions":false,"description":"\u003cli\u003emacaroni and cheese\u003c/li\u003e","flag":"","fulfillmentBadges":["Pickup","Delivery"],"fulfillmentIcon":{"key":"SAVE_WITH_W_PLUS","label":"Save with"},"fulfillmentBadge":"","fulfillmentSpeed":[],"fulfillmentType":"STORE","id":"6LRZCU8ECQ6E","usItemId":"14869676","image":"https://i5.walmartimages.com/asr/6ed0fac2-6e4f-41da-b12e-794568265ab3.db5d27d1c425648a76ab101e24fde817.jpeg?odnHeight=180\u0026odnWidth=180\u0026odnBg=ffffff","isOutOfStock":false,"esrb":"","mediaRating":"","name":"Kraft Original Macaroni \u0026 Cheese Dinner, 5 ct Pack, 7.25 oz Boxes","price":4.5,"preOrder":{"isPreOrder":false,"preOrderMessage":null,"preOrderStreetDateMessage":null},"priceInfo":{"itemPrice":"","linePrice":"$4.50","wasPrice":"","unitPrice":"12.4 ¢/oz","shipPrice":"","minPriceForVariant":"","subscriptionPrice":"","subscriptionString":"","priceDisplayCondition":"","finalCostByWeight":false,"submapType":""},"rating":{"averageRating":0,"numberOfReviews":0},"salesUnit":"EACH","variantList":[],"isVariantTypeSwatch":false,"brand":null,"manufacturerName":null,"offerId":"FE9FEAA6BA9E4104BEBCFE46EFAE0BF6","fitmentLabel":"","isAtfMarker":false,"sellerId":"F55CDC31AB754BB68FE0B39041159D63","sellerName":"Walmart.com","hasSellerBadge":null,"seller":{"name":"Walmart.com","sellerId":"F55CDC31AB754BB68FE0B39041159D63"},"sponsoredProduct":null},{"__typename":"Product","availabilityStatusDisplayValue":"In stock","productLocationDisplayValue":"A16","externalInfoUrl":"","canonicalUrl":"/ip/Velveeta-Shells-Cheese-Original-Shell-Pasta-Cheese-Sauce-Meal-3-ct-Pack-12-oz-Boxes/43480563?fulfillmentIntent=In-store","canAddToCart":true,"showOptions":false,"description":"\u003cli\u003eshells and cheese\u003c/li\u003e","flag":"","fulfillmentBadges":["Pickup","Delivery","2-day shipping"],"fulfillmentIcon":{"key":"SAVE_WITH_W_PLUS","label":"Save with"},"fulfillmentBadge":"","fulfillmentSpeed":[],"fulfillmentType":"STORE","id":"2SBRJPU0PMVT","usItemId":"43480563","image":"https://i5.walmartimages.com/asr/ba9b4a9f-31fa-43bd-93d4-a25f68db1097.1034d5a2e55b11a107bf21e403b512d9.jpeg?odnHeight=180\u0026odnWidth=180\u0026odnBg=ffffff","isOutOfStock":false,"esrb":"","mediaRating":"","name":"Velveeta Shells \u0026 Cheese Original Shell Pasta \u0026 Cheese Sauce Meal, 3 ct Pack, 12 oz Boxes","price":6.48,"preOrder":{"isPreOrder":false,"preOrderMessage":null,"preOrderStreetDateMessage":null},"priceInfo":{"itemPrice":"","linePrice":"$6.48","wasPrice":"","unitPrice":"18.0 ¢/oz","shipPrice":"","minPriceForVariant":"","subscriptionPrice":"","subscriptionString":"","priceDisplayCondition":"","finalCostByWeight":false,"submapType":""},"rating":{"averageRating":0,"numberOfReviews":0},"salesUnit":"EACH","variantList":[],"isVariantTypeSwatch":false,"brand":null,"manufacturerName":null,"offerId":"1C02A8860C3D4E3886953E119184F9BB","fitmentLabel":"","isAtfMarker":false,"sellerId":"F55CDC31AB754BB68FE0B39041159D63","sellerName":"Walmart.com","hasSellerBadge":null,"seller":{"name":"Walmart.com","sellerId":"F55CDC31AB754BB68FE0B39041159D63"},"sponsoredProduct":null},{"__typename":"Product","availabilityStatusDisplayValue":"In stock","productLocationDisplayValue":"A16","externalInfoUrl":"","canonicalUrl":"/ip/Walmart-Great-Value-Original-Macaroni-Cheese-7-25-oz/10315422?fulfillmentIntent=In-store","canAddToCart":true,"showOptions":false,"description":"\u003cli\u003eDelicious and creamy\u003c/li\u003e\u003cli\u003eMade with real cheddar cheese\u003c/li\u003e\u003cli\u003eNo artificial flavors, synthetic colors or preservatives\u003c/li\u003e\u003cli\u003eEasy to make\u003c/li\u003e","flag":"","fulfillmentBadges":["Pickup","Delivery"],"fulfillmentIcon":{"key":"SAVE_WITH_W_PLUS","label":"Save with"},"fulfillmentBadge":"","fulfillmentSpeed":[],"fulfillmentType":"STORE","id":"16T24OL71ZCE","usItemId":"10315422","image":"https://i5.walmartimages.com/asr/fd2e0fc1-4f7e-4bed-a16f-7ced8154b55e_1.08cc1b6f1d3bad772ed1441475585a85.jpeg?odnHeight=180\u0026odnWidth=180\u0026odnBg=ffffff","isOutOfStock":false,"esrb":"","mediaRating":"","name":"Walmart Great Value Original Macaroni \u0026 Cheese, 7.25 oz","price":0.5,"preOrder":{"isPreOrder":false,"preOrderMessage":null,"preOrderStreetDateMessage":null},"priceInfo":{"itemPrice":"","linePrice":"$0.50","wasPrice":"","unitPrice":"6.9 ¢/oz","shipPrice":"","minPriceForVariant":"","subscriptionPrice":"","subscriptionString":"","priceDisplayCondition":"","finalCostByWeight":false,"submapType":""},"rating":{"averageRating":0,"numberOfReviews":0},"salesUnit":"EACH","variantList":[],"isVariantTypeSwatch":false,"brand":null,"manufacturerName":null,"offerId":"B1FB3EE2442149AC89926D5CBEA1ED60","fitmentLabel":"","isAtfMarker":false,"sellerId":"F55CDC31AB754BB68FE0B39041159D63","sellerName":"Walmart.com","hasSellerBadge":null,"seller":{"name":"Walmart.com","sellerId":"F55CDC31AB754BB68FE0B39041159D63"},"sponsoredProduct":null},{"__typename":"Product","availabilityStatusDisplayValue":"In stock","productLocationDisplayValue":"A16","externalInfoUrl":"","canonicalUrl":"/ip/Great-Value-Deluxe-Original-Cheddar-Macaroni-Cheese-14-oz/10315229?fulfillmentIntent=In-store","canAddToCart":true,"showOptions":false,"description":"\u003cli\u003eNo artificial flavors\u003c/li\u003e\u003cli\u003eOriginal cheddar deluxe cheese sauce\u003c/li\u003e\u003cli\u003e14 ounce box\u003c/li\u003e","flag":"","fulfillmentBadges":["Pickup","Delivery"],"fulfillmentIcon":{"key":"SAVE_WITH_W_PLUS","label":"Save with"},"fulfillmentBadge":"","fulfillmentSpeed":[],"fulfillmentType":"STORE","id":"1JIJVHI27UR5","usItemId":"10315229","image":"https://i5.walmartimages.com/asr/0b6543fb-59a4-448b-a787-7094f2448e27_2.368e3f1fbb0f9fa3ae8d34b54e619c48.jpeg?odnHeight=180\u0026odnWidth=180\u0026odnBg=ffffff","isOutOfStock":false,"esrb":"","mediaRating":"","name":"Great Value Deluxe Original Cheddar Macaroni \u0026 Cheese, 14 oz","price":1.48,"preOrder":{"isPreOrder":false,"preOrderMessage":null,"preOrderStreetDateMessage":null},"priceInfo":{"itemPrice":"","linePrice":"$1.48","wasPrice":"","unitPrice":"10.6 ¢/oz","shipPrice":"","minPriceForVariant":"","subscriptionPrice":"","subscriptionString":"","priceDisplayCondition":"","finalCostByWeight":false,"submapType":""},"rating":{"averageRating":0,"numberOfReviews":0},"salesUnit":"EACH","variantList":[],"isVariantTypeSwatch":false,"brand":null,"manufacturerName":null,"offerId":"F8607E836E8F4A47A7B6339677416143","fitmentLabel":"","isAtfMarker":false,"sellerId":"F55CDC31AB754BB68FE0B39041159D63","sellerName":"Walmart.com","hasSellerBadge":null,"seller":{"name":"Walmart.com","sellerId":"F55CDC31AB754BB68FE0B39041159D63"},"sponsoredProduct":null},{"__typename":"Product","availabilityStatusDisplayValue":"In stock","productLocationDisplayValue":"A16","externalInfoUrl":"","canonicalUrl":"/ip/Velveeta-Shells-Cheese-Original-Shell-Pasta-Cheese-Sauce-Meal-12-oz-Box/10295758?fulfillmentIntent=In-store","canAddToCart":true,"showOptions":false,"description":"\u003cli\u003eshells and cheese\u003c/li\u003e","flag":"","fulfillmentBadges":["Pickup","Delivery","3+ day shipping"],"fulfillmentIcon":{"key":"SAVE_WITH_W_PLUS","label":"Save with"},"fulfillmentBadge":"","fulfillmentSpeed":[],"fulfillmentType":"STORE","id":"64ZONW5C501Y","usItemId":"10295758","image":"https://i5.walmartimages.com/asr/4b2bc203-8af4-4fee-9363-95a55ec56a1e.c25a8c6acb041fd1903e306d9b280de4.jpeg?odnHeight=180\u0026odnWidth=180\u0026odnBg=ffffff","isOutOfStock":false,"esrb":"","mediaRating":"","name":"Velveeta Shells \u0026 Cheese Original Shell Pasta \u0026 Cheese Sauce Meal, 12 oz Box","price":2.98,"preOrder":{"isPreOrder":false,"preOrderMessage":null,"preOrderStreetDateMessage":null},"priceInfo":{"itemPrice":"","linePrice":"$2.98","wasPrice":"","unitPrice":"24.8 ¢/oz","shipPrice":"","minPriceForVariant":"","subscriptionPrice":"","subscriptionString":"","priceDisplayCondition":"","finalCostByWeight":false,"submapType":""},"rating":{"averageRating":0,"numberOfReviews":0},"salesUnit":"EACH","variantList":[],"isVariantTypeSwatch":false,"brand":null,"manufacturerName":null,"offerId":"52A3CA7BF2EE44BBAEDC69D573D3192F","fitmentLabel":"","isAtfMarker":false,"sellerId":"F55CDC31AB754BB68FE0B39041159D63","sellerName":"Walmart.com","hasSellerBadge":null,"seller":{"name":"Walmart.com","sellerId":"F55CDC31AB754BB68FE0B39041159D63"},"sponsoredProduct":null},{"__typename":"Product","availabilityStatusDisplayValue":"In stock","productLocationDisplayValue":"A16","externalInfoUrl":"","canonicalUrl":"/ip/Great-Value-Premium-Original-Shells-Cheese-12-oz/10533933?fulfillmentIntent=In-store","canAddToCart":true,"showOptions":false,"description":"\u003cli\u003eMade with real cheddar cheese\u003c/li\u003e\u003cli\u003eCreamy, cheesy pasta is easy to make and can stand alone as a main meal or work well as a tasty side dish\u003c/li\u003e\u003cli\u003eNo preservatives, artificial flavors, or\u003c/li\u003e","flag":"","fulfillmentBadges":["Pickup","Delivery","3+ day shipping"],"fulfillmentIcon":{"key":"SAVE_WITH_W_PLUS","label":"Save with"},"fulfillmentBadge":"","fulfillmentSpeed":[],"fulfillmentType":"STORE","id":"4B90TB0VVX52","usItemId":"10533933","image":"https://i5.walmartimages.com/asr/82771828-ac4f-423d-828e-2e9b6974cd6f_2.f6cd14768b2bcc0af2d084485d69e849.jpeg?odnHeight=180\u0026odnWidth=180\u0026odnBg=ffffff","isOutOfStock":false,"esrb":"","mediaRating":"","name":"Great Value Premium Original Shells \u0026 Cheese, 12 oz","price":1.48,"preOrder":{"isPreOrder":false,"preOrderMessage":null,"preOrderStreetDateMessage":null},"priceInfo":{"itemPrice":"","linePrice":"$1.48","wasPrice":"","unitPrice":"12.3 ¢/oz","shipPrice":"","minPriceForVariant":"","subscriptionPrice":"","subscriptionString":"","priceDisplayCondition":"","finalCostByWeight":false,"submapType":""},"rating":{"averageRating":0,"numberOfReviews":0},"salesUnit":"EACH","variantList":[],"isVariantTypeSwatch":false,"brand":null,"manufacturerName":null,"offerId":"07D9394A90DF4265ACC49D13C41FB0AE","fitmentLabel":"","isAtfMarker":true,"sellerId":"F55CDC31AB754BB68FE0B39041159D63","sellerName":"Walmart.com","hasSellerBadge":null,"seller":{"name":"Walmart.com","sellerId":"F55CDC31AB754BB68FE0B39041159D63"},"sponsoredProduct":null},{"__typename":"Product","availabilityStatusDisplayValue":"In stock","productLocationDisplayValue":"A16","externalInfoUrl":"","canonicalUrl":"/ip/Annie-s-Shells-Real-Aged-Cheddar-Macaroni-and-Cheese-11-oz/10294620?fulfillmentIntent=In-store","canAddToCart":true,"showOptions":false,"description":"\u003cli\u003eMade with organic pasta\u003c/li\u003e\u003cli\u003eMade with 100% real cheese\u003c/li\u003e\u003cli\u003eNo artificial flavors, synthetic colors, or preservatives\u003c/li\u003e","flag":"","fulfillmentBadges":["Pickup","Delivery","2-day shipping"],"fulfillmentIcon":{"key":"SAVE_WITH_W_PLUS","label":"Save with"},"fulfillmentBadge":"","fulfillmentSpeed":[],"fulfillmentType":"STORE","id":"4T0UW7RRWB4Z","usItemId":"10294620","image":"https://i5.walmartimages.com/asr/65cf1f6b-64dc-45de-9738-4b2948530cbd.7b46439255884ce5295289c248e12535.png?odnHeight=180\u0026odnWidth=180\u0026odnBg=ffffff","isOutOfStock":false,"esrb":"","mediaRating":"","name":"Annie's Shells \u0026 Real Aged Cheddar Macaroni and Cheese, 11 oz","price":2.98,"preOrder":{"isPreOrder":false,"preOrderMessage":null,"preOrderStreetDateMessage":null},"priceInfo":{"itemPrice":"","linePrice":"$2.98","wasPrice":"","unitPrice":"27.1 ¢/oz","shipPrice":"","minPriceForVariant":"","subscriptionPrice":"","subscriptionString":"","priceDisplayCondition":"","finalCostByWeight":false,"submapType":""},"rating":{"averageRating":0,"numberOfReviews":0},"salesUnit":"EACH","variantList":[],"isVariantTypeSwatch":false,"brand":null,"manufacturerName":null,"offerId":"528FFDA9EC7C4A81A2E373DC135EBE22","fitmentLabel":"","isAtfMarker":false,"sellerId":"F55CDC31AB754BB68FE0B39041159D63","sellerName":"Walmart.com","hasSellerBadge":null,"seller":{"name":"Walmart.com","sellerId":"F55CDC31AB754BB68FE0B39041159D63"},"sponsoredProduct":{"spQs":"BB5z0tq10IzGssHKDZGYoxpQkiXXd8e_z1nXT8G0drQFN9h2gVtWGFMQT_ZINv-yVG-sEUkwavvZE2hh0Q8WtWs-nckrLq-VwpcgDHGVx00","clickBeacon":"https://wrd.walmart.com/track?storeId=999\u0026mloc=sp-search-middle\u0026pt=search\u0026pltfm=desktop\u0026tax=976759_976794_5614446_6189969\u0026rdf=0\u0026plmt=__plmt__\u0026eventST=__eventST__\u0026spQs=BB5z0tq10IzGssHKDZGYoxpQkiXXd8e_z1nXT8G0drQFN9h2gVtWGFMQT_ZINv-yVG-sEUkwavvZE2hh0Q8WtWs-nckrLq-VwpcgDHGVx00\u0026pos=__pos__\u0026pgId=mac+and+cheese\u0026bt=__bt__\u0026adUid=2E0HUiQtFmh1YSDRYX2JjG25yhkfJNS3LcIZ","spTags":null}},{"__typename":"Product","availabilityStatusDisplayValue":"In stock","productLocationDisplayValue":"A16","externalInfoUrl":"","canonicalUrl":"/ip/Annie-s-Real-Aged-Cheddar-Macaroni-Cheese-4-ct-8-04-oz/55357908?fulfillmentIntent=In-store","canAddToCart":true,"showOptions":false,"description":"Annies took your favorite comfort food and packed it into perfectly portioned microwaveable meals. Thats right, Annie's Real Aged Cheddar Mac \u0026 Cheese Cups offer all of the yum of a classic box of","flag":"","fulfillmentBadges":["Pickup","Delivery","2-day shipping"],"fulfillmentIcon":{"key":"SAVE_WITH_W_PLUS","label":"Save with"},"fulfillmentBadge":"","fulfillmentSpeed":[],"fulfillmentType":"STORE","id":"58ZAZIFMLHSH","usItemId":"55357908","image":"https://i5.walmartimages.com/asr/a6685aaf-84be-416b-8fd9-73c1478b74c5.878d878bf645c7af6d7a25571e08e450.png?odnHeight=180\u0026odnWidth=180\u0026odnBg=ffffff","isOutOfStock":false,"esrb":"","mediaRating":"","name":"Annie's Real Aged Cheddar Macaroni \u0026 Cheese 4 ct, 8.04 oz","price":4.98,"preOrder":{"isPreOrder":false,"preOrderMessage":null,"preOrderStreetDateMessage":null},"priceInfo":{"itemPrice":"","linePrice":"$4.98","wasPrice":"","unitPrice":"61.9 ¢/oz","shipPrice":"","minPriceForVariant":"","subscriptionPrice":"","subscriptionString":"","priceDisplayCondition":"","finalCostByWeight":false,"submapType":""},"rating":{"averageRating":0,"numberOfReviews":0},"salesUnit":"EACH","variantList":[],"isVariantTypeSwatch":false,"brand":null,"manufacturerName":null,"offerId":"839D6BE66A654CC2B7B37E6263E7AB27","fitmentLabel":"","isAtfMarker":false,"sellerId":"F55CDC31AB754BB68FE0B39041159D63","sellerName":"Walmart.com","hasSellerBadge":null,"seller":{"name":"Walmart.com","sellerId":"F55CDC31AB754BB68FE0B39041159D63"},"sponsoredProduct":{"spQs":"oTbWTIihW_WrajJb30HqlBpQkiXXd8e_z1nXT8G0drQLBvBnlbA7dflJ5P35jQ3_VG-sEUkwavvZE2hh0Q8WtWs-nckrLq-VwpcgDHGVx00","clickBeacon":"https://wrd.walmart.com/track?storeId=999\u0026mloc=sp-search-middle\u0026pt=search\u0026pltfm=desktop\u0026tax=976759_976794_5614446_6189969\u0026rdf=0\u0026plmt=__plmt__\u0026eventST=__eventST__\u0026spQs=oTbWTIihW_WrajJb30HqlBpQkiXXd8e_z1nXT8G0drQLBvBnlbA7dflJ5P35jQ3_VG-sEUkwavvZE2hh0Q8WtWs-nckrLq-VwpcgDHGVx00\u0026pos=__pos__\u0026pgId=mac+and+cheese\u0026bt=__bt__\u0026adUid=2E0HUiQtFmh1YSDRYX2JjG25yhkfJNS3LcIZ","spTags":null}},{"__typename":"Product","availabilityStatusDisplayValue":"In stock","productLocationDisplayValue":"A16","externalInfoUrl":"","canonicalUrl":"/ip/Kraft-Deluxe-Original-Cheddar-Macaroni-Cheese-Dinner-3-ct-Pack-14-oz-Boxes/50423040?fulfillmentIntent=In-store","canAddToCart":true,"showOptions":false,"description":"\u003cli\u003emacaroni and cheese\u003c/li\u003e","flag":"","fulfillmentBadges":["Pickup","Delivery","2-day shipping"],"fulfillmentIcon":{"key":"SAVE_WITH_W_PLUS","label":"Save with"},"fulfillmentBadge":"","fulfillmentSpeed":[],"fulfillmentType":"STORE","id":"2PDUNJAYTIEF","usItemId":"50423040","image":"https://i5.walmartimages.com/asr/3b29d71a-41d1-425f-8644-1e71cb6c4251.6e3df174a556d3eb3f0b4f92c622297b.jpeg?odnHeight=180\u0026odnWidth=180\u0026odnBg=ffffff","isOutOfStock":false,"esrb":"","mediaRating":"","name":"Kraft Deluxe Original Cheddar Macaroni \u0026 Cheese Dinner, 3 ct Pack, 14 oz Boxes","price":6.48,"preOrder":{"isPreOrder":false,"preOrderMessage":null,"preOrderStreetDateMessage":null},"priceInfo":{"itemPrice":"","linePrice":"$6.48","wasPrice":"","unitPrice":"15.4 ¢/oz","shipPrice":"","minPriceForVariant":"","subscriptionPrice":"","subscriptionString":"","priceDisplayCondition":"","finalCostByWeight":false,"submapType":""},"rating":{"averageRating":0,"numberOfReviews":0},"salesUnit":"EACH","variantList":[],"isVariantTypeSwatch":false,"brand":null,"manufacturerName":null,"offerId":"83F7D14E8F2B4478B3B7EC2D69E59ACF","fitmentLabel":"","isAtfMarker":false,"sellerId":"F55CDC31AB754BB68FE0B39041159D63","sellerName":"Walmart.com","hasSellerBadge":null,"seller":{"name":"Walmart.com","sellerId":"F55CDC31AB754BB68FE0B39041159D63"},"sponsoredProduct":null},{"__typename":"Product","availabilityStatusDisplayValue":"In stock","productLocationDisplayValue":"A16","externalInfoUrl":"","canonicalUrl":"/ip/Kraft-Deluxe-Original-Cheddar-Macaroni-Cheese-Dinner-14-oz-Box/10295757?fulfillmentIntent=In-store","canAddToCart":true,"showOptions":false,"description":"\u003cli\u003emacaroni and cheese\u003c/li\u003e","flag":"","fulfillmentBadges":["Pickup","Delivery"],"fulfillmentIcon":{"key":"SAVE_WITH_W_PLUS","label":"Save with"},"fulfillmentBadge":"","fulfillmentSpeed":[],"fulfillmentType":"STORE","id":"2SAYTXSYL62F","usItemId":"10295757","image":"https://i5.walmartimages.com/asr/cd68429c-58ae-4200-8722-bf116e86e5f7.316a9b23bf9b92e293cb5cbdf5cd9b6a.jpeg?odnHeight=180\u0026odnWidth=180\u0026odnBg=ffffff","isOutOfStock":false,"esrb":"","mediaRating":"","name":"Kraft Deluxe Original Cheddar Macaroni \u0026 Cheese Dinner, 14 oz Box","price":2.77,"preOrder":{"isPreOrder":false,"preOrderMessage":null,"preOrderStreetDateMessage":null},"priceInfo":{"itemPrice":"","linePrice":"$2.77","wasPrice":"","unitPrice":"19.8 ¢/oz","shipPrice":"","minPriceForVariant":"","subscriptionPrice":"","subscriptionString":"","priceDisplayCondition":"","finalCostByWeight":false,"submapType":""},"rating":{"averageRating":0,"numberOfReviews":0},"salesUnit":"EACH","variantList":[],"isVariantTypeSwatch":false,"brand":null,"manufacturerName":null,"offerId":"152DB4A879A2400F8A11AFE609850BAA","fitmentLabel":"","isAtfMarker":false,"sellerId":"F55CDC31AB754BB68FE0B39041159D63","sellerName":"Walmart.com","hasSellerBadge":null,"seller":{"name":"Walmart.com","sellerId":"F55CDC31AB754BB68FE0B39041159D63"},"sponsoredProduct":null},{"__typename":"Product","availabilityStatusDisplayValue":"In stock","productLocationDisplayValue":"A16","externalInfoUrl":"","canonicalUrl":"/ip/Kraft-Original-Macaroni-Cheese-Easy-Microwavable-Dinner-8-ct-Box-2-05-oz-Cups/46330173?fulfillmentIntent=In-store","canAddToCart":true,"showOptions":false,"description":"\u003cli\u003eJust add water + microwave for 3.5 minutes = enjoy!\u003c/li\u003e\u003cli\u003eThe taste you love\u003c/li\u003e\u003cli\u003eNo artificial preservatives\u003c/li\u003e","flag":"","fulfillmentBadges":["Pickup","Delivery","2-day shipping"],"fulfillmentIcon":{"key":"SAVE_WITH_W_PLUS","label":"Save with"},"fulfillmentBadge":"","fulfillmentSpeed":[],"fulfillmentType":"STORE","id":"1U1PO071YD6G","usItemId":"46330173","image":"https://i5.walmartimages.com/asr/da5cbb50-2819-4ad9-9d99-854b06ee494b.e2bce24ef871b081b6b92f29ee7a8298.jpeg?odnHeight=180\u0026odnWidth=180\u0026odnBg=ffffff","isOutOfStock":false,"esrb":"","mediaRating":"","name":"Kraft Original Macaroni \u0026 Cheese Easy Microwavable Dinner, 8 ct Box, 2.05 oz Cups","price":6.92,"preOrder":{"isPreOrder":false,"preOrderMessage":null,"preOrderStreetDateMessage":null},"priceInfo":{"itemPrice":"","linePrice":"$6.92","wasPrice":"","unitPrice":"42.2 ¢/oz","shipPrice":"","minPriceForVariant":"","subscriptionPrice":"","subscriptionString":"","priceDisplayCondition":"","finalCostByWeight":false,"submapType":""},"rating":{"averageRating":0,"numberOfReviews":0},"salesUnit":"EACH","variantList":[],"isVariantTypeSwatch":false,"brand":null,"manufacturerName":null,"offerId":"883A2BA875C44656A9549E30339A3DA4","fitmentLabel":"","isAtfMarker":false,"sellerId":"F55CDC31AB754BB68FE0B39041159D63","sellerName":"Walmart.com","hasSellerBadge":null,"seller":{"name":"Walmart.com","sellerId":"F55CDC31AB754BB68FE0B39041159D63"},"sponsoredProduct":null},{"__typename":"Product","availabilityStatusDisplayValue":"In stock","productLocationDisplayValue":"A16","externalInfoUrl":"","canonicalUrl":"/ip/Velveeta-Shells-Cheese-Original-Microwavable-Shell-Pasta-Cheese-Sauce-4-ct-Pack-2-39-oz-Cups/14869832?fulfillmentIntent=In-store\u0026athbdg=L1600","canAddToCart":true,"showOptions":false,"description":"\u003cli\u003epasta shells\u003c/li\u003e","flag":"Best seller","fulfillmentBadges":["Pickup","Delivery"],"fulfillmentIcon":{"key":"SAVE_WITH_W_PLUS","label":"Save with"},"fulfillmentBadge":"","fulfillmentSpeed":[],"fulfillmentType":"STORE","id":"49SD5OJ0AY6H","usItemId":"14869832","image":"https://i5.walmartimages.com/asr/b429ffd8-0f77-4c58-bbde-a4448b4471a1.fb63616f5c221f9dd663a7460b6d8ed2.jpeg?odnHeight=180\u0026odnWidth=180\u0026odnBg=ffffff","isOutOfStock":false,"esrb":"","mediaRating":"","name":"Velveeta Shells \u0026 Cheese Original Microwavable Shell Pasta \u0026 Cheese Sauce, 4 ct Pack, 2.39 oz Cups","price":3.78,"preOrder":{"isPreOrder":false,"preOrderMessage":null,"preOrderStreetDateMessage":null},"priceInfo":{"itemPrice":"","linePrice":"$3.78","wasPrice":"","unitPrice":"39.5 ¢/oz","shipPrice":"","minPriceForVariant":"","subscriptionPrice":"","subscriptionString":"","priceDisplayCondition":"","finalCostByWeight":false,"submapType":""},"rating":{"averageRating":0,"numberOfReviews":0},"salesUnit":"EACH","variantList":[],"isVariantTypeSwatch":false,"brand":null,"manufacturerName":null,"offerId":"C3516141D8B74255A571EB699DFF5C3F","fitmentLabel":"","isAtfMarker":false,"sellerId":"F55CDC31AB754BB68FE0B39041159D63","sellerName":"Walmart.com","hasSellerBadge":null,"seller":{"name":"Walmart.com","sellerId":"F55CDC31AB754BB68FE0B39041159D63"},"sponsoredProduct":null},{"__typename":"Product","availabilityStatusDisplayValue":"In stock","productLocationDisplayValue":"A16","externalInfoUrl":"","canonicalUrl":"/ip/Kraft-Thick-n-Creamy-Macaroni-Cheese-Dinner-7-25-oz-Box/10295742?fulfillmentIntent=In-store","canAddToCart":true,"showOptions":false,"description":"\u003cli\u003emacaroni and cheese dinner\u003c/li\u003e","flag":"","fulfillmentBadges":["Pickup","Delivery"],"fulfillmentIcon":{"key":"SAVE_WITH_W_PLUS","label":"Save with"},"fulfillmentBadge":"","fulfillmentSpeed":[],"fulfillmentType":"STORE","id":"3R86EFA4MX1E","usItemId":"10295742","image":"https://i5.walmartimages.com/asr/59c3c146-e9fc-4cb7-bb13-c71b8dd3aee3.b423032f60f7b389343bdb0d8712b148.jpeg?odnHeight=180\u0026odnWidth=180\u0026odnBg=ffffff","isOutOfStock":false,"esrb":"","mediaRating":"","name":"Kraft Thick 'n Creamy Macaroni \u0026 Cheese Dinner, 7.25 oz Box","price":0.98,"preOrder":{"isPreOrder":false,"preOrderMessage":null,"preOrderStreetDateMessage":null},"priceInfo":{"itemPrice":"","linePrice":"$0.98","wasPrice":"","unitPrice":"13.5 ¢/oz","shipPrice":"","minPriceForVariant":"","subscriptionPrice":"","subscriptionString":"","priceDisplayCondition":"","finalCostByWeight":false,"submapType":""},"rating":{"averageRating":0,"numberOfReviews":0},"salesUnit":"EACH","variantList":[],"isVariantTypeSwatch":false,"brand":null,"manufacturerName":null,"offerId":"74DE33522C16495499689A31D1FCA79F","fitmentLabel":"","isAtfMarker":false,"sellerId":"F55CDC31AB754BB68FE0B39041159D63","sellerName":"Walmart.com","hasSellerBadge":null,"seller":{"name":"Walmart.com","sellerId":"F55CDC31AB754BB68FE0B39041159D63"},"sponsoredProduct":null},{"__typename":"Product","availabilityStatusDisplayValue":"In stock","productLocationDisplayValue":"A40","externalInfoUrl":"","canonicalUrl":"/ip/Bob-Evans-Macaroni-and-Cheese-20-Oz-Pack-of-1/10309115?fulfillmentIntent=In-store","canAddToCart":true,"showOptions":false,"description":"\u003cli\u003eReady to eat in minutes, Bob Evans refrigerated dinner sides are easy to prepare and microwaveable\u003c/li\u003e\u003cli\u003eBob Evans Mac and Cheese delivers the rich, comforting, delicious cheddar cheese taste\u003c/li\u003e","flag":"","fulfillmentBadges":["Pickup","Delivery"],"fulfillmentIcon":{"key":"SAVE_WITH_W_PLUS","label":"Save with"},"fulfillmentBadge":"","fulfillmentSpeed":[],"fulfillmentType":"STORE","id":"6ER5XSE032YW","usItemId":"10309115","image":"https://i5.walmartimages.com/asr/6b7dc80a-93bd-4de4-abca-c1b16382adfb.a77350013c6258eac7f706466185c031.jpeg?odnHeight=180\u0026odnWidth=180\u0026odnBg=ffffff","isOutOfStock":false,"esrb":"","mediaRating":"","name":"Bob Evans Macaroni and Cheese, 20 Oz, Pack of 1","price":3.38,"preOrder":{"isPreOrder":false,"preOrderMessage":null,"preOrderStreetDateMessage":null},"priceInfo":{"itemPrice":"","linePrice":"$3.38","wasPrice":"","unitPrice":"16.9 ¢/oz","shipPrice":"","minPriceForVariant":"","subscriptionPrice":"","subscriptionString":"","priceDisplayCondition":"","finalCostByWeight":false,"submapType":""},"rating":{"averageRating":0,"numberOfReviews":0},"salesUnit":"EACH","variantList":[],"isVariantTypeSwatch":false,"brand":null,"manufacturerName":null,"offerId":"D9552E2C2D454936B9DC43080AD6E293","fitmentLabel":"","isAtfMarker":false,"sellerId":"F55CDC31AB754BB68FE0B39041159D63","sellerName":"Walmart.com","hasSellerBadge":null,"seller":{"name":"Walmart.com","sellerId":"F55CDC31AB754BB68FE0B39041159D63"},"sponsoredProduct":null},{"__typename":"Product","availabilityStatusDisplayValue":"In stock","productLocationDisplayValue":"A16","externalInfoUrl":"","canonicalUrl":"/ip/Walmart-Great-Value-Thick-Creamy-Macaroni-Cheese-7-25-oz/10315325?fulfillmentIntent=In-store","canAddToCart":true,"showOptions":false,"description":"\u003cli\u003eMade with real cheddar cheese\u003c/li\u003e\u003cli\u003eClassic flavor that your family will love\u003c/li\u003e\u003cli\u003eNo artificial flavors, preservatives or synthetic colors\u003c/li\u003e","flag":"","fulfillmentBadges":["Pickup","Delivery"],"fulfillmentIcon":{"key":"SAVE_WITH_W_PLUS","label":"Save with"},"fulfillmentBadge":"","fulfillmentSpeed":[],"fulfillmentType":"STORE","id":"5AP9OSRPW9IH","usItemId":"10315325","image":"https://i5.walmartimages.com/asr/9f2900e8-05b4-4c98-b516-742efb295cf8_2.9d834a653213137e8f1a6e58991eab36.jpeg?odnHeight=180\u0026odnWidth=180\u0026odnBg=ffffff","isOutOfStock":false,"esrb":"","mediaRating":"","name":"Walmart Great Value Thick \u0026 Creamy Macaroni \u0026 Cheese, 7.25 oz","price":0.5,"preOrder":{"isPreOrder":false,"preOrderMessage":null,"preOrderStreetDateMessage":null},"priceInfo":{"itemPrice":"","linePrice":"$0.50","wasPrice":"","unitPrice":"6.9 ¢/oz","shipPrice":"","minPriceForVariant":"","subscriptionPrice":"","subscriptionString":"","priceDisplayCondition":"","finalCostByWeight":false,"submapType":""},"rating":{"averageRating":0,"numberOfReviews":0},"salesUnit":"EACH","variantList":[],"isVariantTypeSwatch":false,"brand":null,"manufacturerName":null,"offerId":"D6AD4A09072C4C9BA8F8617DD0BFF748","fitmentLabel":"","isAtfMarker":false,"sellerId":"F55CDC31AB754BB68FE0B39041159D63","sellerName":"Walmart.com","hasSellerBadge":null,"seller":{"name":"Walmart.com","sellerId":"F55CDC31AB754BB68FE0B39041159D63"},"sponsoredProduct":null},{"__typename":"Product","availabilityStatusDisplayValue":"In stock","productLocationDisplayValue":"A16","externalInfoUrl":"","canonicalUrl":"/ip/Kraft-Spirals-Original-Macaroni-Cheese-Dinner-5-5-oz-Box/10295760?fulfillmentIntent=In-store","canAddToCart":true,"showOptions":false,"description":"\u003cli\u003eoriginal cheese flavor\u003c/li\u003e","flag":"","fulfillmentBadges":["Pickup","Delivery"],"fulfillmentIcon":{"key":"SAVE_WITH_W_PLUS","label":"Save with"},"fulfillmentBadge":"","fulfillmentSpeed":[],"fulfillmentType":"STORE","id":"2QY05DF793VL","usItemId":"10295760","image":"https://i5.walmartimages.com/asr/b65d5c9b-34ad-4703-9162-24a24b433829.c6db71125d6cafc7d0b21e426c71f290.jpeg?odnHeight=180\u0026odnWidth=180\u0026odnBg=ffffff","isOutOfStock":false,"esrb":"","mediaRating":"","name":"Kraft Spirals Original Macaroni \u0026 Cheese Dinner, 5.5 oz Box","price":0.98,"preOrder":{"isPreOrder":false,"preOrderMessage":null,"preOrderStreetDateMessage":null},"priceInfo":{"itemPrice":"","linePrice":"$0.98","wasPrice":"","unitPrice":"17.8 ¢/oz","shipPrice":"","minPriceForVariant":"","subscriptionPrice":"","subscriptionString":"","priceDisplayCondition":"","finalCostByWeight":false,"submapType":""},"rating":{"averageRating":0,"numberOfReviews":0},"salesUnit":"EACH","variantList":[],"isVariantTypeSwatch":false,"brand":null,"manufacturerName":null,"offerId":"DEADAAC4825B43F6813BA3E461359CE5","fitmentLabel":"","isAtfMarker":false,"sellerId":"F55CDC31AB754BB68FE0B39041159D63","sellerName":"Walmart.com","hasSellerBadge":null,"seller":{"name":"Walmart.com","sellerId":"F55CDC31AB754BB68FE0B39041159D63"},"sponsoredProduct":null},{"__typename":"Product","availabilityStatusDisplayValue":"In stock","productLocationDisplayValue":"A16","externalInfoUrl":"","canonicalUrl":"/ip/Annie-s-Penne-and-Four-Cheese-Pasta-and-Cheese-5-5-oz/107303441?fulfillmentIntent=In-store","canAddToCart":true,"showOptions":false,"description":"\u003cli\u003eMacaroni \u0026 Cheese; Four Cheese\u003c/li\u003e","flag":"","fulfillmentBadges":["Pickup","Delivery"],"fulfillmentIcon":{"key":"SAVE_WITH_W_PLUS","label":"Save with"},"fulfillmentBadge":"","fulfillmentSpeed":[],"fulfillmentType":"STORE","id":"1U8R5W8J0CAG","usItemId":"107303441","image":"https://i5.walmartimages.com/asr/fa22cd7e-559b-48f2-a60f-c7f815a33c46.fbf429c6fb34fa3f13675a9f0bba361c.png?odnHeight=180\u0026odnWidth=180\u0026odnBg=ffffff","isOutOfStock":false,"esrb":"","mediaRating":"","name":"Annie's Penne and Four Cheese, Pasta and Cheese, 5.5 oz","price":1.18,"preOrder":{"isPreOrder":false,"preOrderMessage":null,"preOrderStreetDateMessage":null},"priceInfo":{"itemPrice":"","linePrice":"$1.18","wasPrice":"","unitPrice":"21.5 ¢/oz","shipPrice":"","minPriceForVariant":"","subscriptionPrice":"","subscriptionString":"","priceDisplayCondition":"","finalCostByWeight":false,"submapType":""},"rating":{"averageRating":0,"numberOfReviews":0},"salesUnit":"EACH","variantList":[],"isVariantTypeSwatch":false,"brand":null,"manufacturerName":null,"offerId":"B10D9ECCF5F54D08937603BB5427ED29","fitmentLabel":"","isAtfMarker":false,"sellerId":"F55CDC31AB754BB68FE0B39041159D63","sellerName":"Walmart.com","hasSellerBadge":null,"seller":{"name":"Walmart.com","sellerId":"F55CDC31AB754BB68FE0B39041159D63"},"sponsoredProduct":{"spQs":"BB5z0tq10IzGssHKDZGYoxpQkiXXd8e_z1nXT8G0drRdY5tycSr7BhYJHri-DkwEYLuae2pR9rruWWBqG0a8c6W9NNvTm5U1qL7sBn2bpCM","clickBeacon":"https://wrd.walmart.com/track?storeId=999\u0026mloc=sp-search-middle\u0026pt=search\u0026pltfm=desktop\u0026tax=976759_976794_5614446_6189969\u0026rdf=0\u0026plmt=__plmt__\u0026eventST=__eventST__\u0026spQs=BB5z0tq10IzGssHKDZGYoxpQkiXXd8e_z1nXT8G0drRdY5tycSr7BhYJHri-DkwEYLuae2pR9rruWWBqG0a8c6W9NNvTm5U1qL7sBn2bpCM\u0026pos=__pos__\u0026pgId=mac+and+cheese\u0026bt=__bt__\u0026adUid=2E0HUiQtFmh1YSDRYX2JjG25yhkfJNS3LcIZ","spTags":null}},{"__typename":"Product","availabilityStatusDisplayValue":"In stock","productLocationDisplayValue":"A17","externalInfoUrl":"","canonicalUrl":"/ip/Annie-s-Gluten-Free-Macaroni-and-Cheese-Rice-Pasta-Cheddar-12-ct-6-oz/13424372?fulfillmentIntent=In-store","canAddToCart":true,"showOptions":false,"description":"\u003cli\u003e100% real cheese\u003c/li\u003e\u003cli\u003eMade with rice pasta\u003c/li\u003e\u003cli\u003eGood source of calcium and protein\u003c/li\u003e","flag":"","fulfillmentBadges":["Pickup","Delivery","3+ day shipping"],"fulfillmentIcon":{"key":"SAVE_WITH_W_PLUS","label":"Save with"},"fulfillmentBadge":"","fulfillmentSpeed":[],"fulfillmentType":"STORE","id":"6EU3MAHMCF8I","usItemId":"13424372","image":"https://i5.walmartimages.com/asr/862dbb59-d233-4015-9b46-6c3310472b1e.b154336dcab21cecd16211e788b24ee1.png?odnHeight=180\u0026odnWidth=180\u0026odnBg=ffffff","isOutOfStock":false,"esrb":"","mediaRating":"","name":"Annie's Gluten Free Macaroni and Cheese, Rice Pasta \u0026 Cheddar, 12 ct, 6 oz","price":2.2,"preOrder":{"isPreOrder":false,"preOrderMessage":null,"preOrderStreetDateMessage":null},"priceInfo":{"itemPrice":"","linePrice":"$2.20","wasPrice":"","unitPrice":"36.7 ¢/oz","shipPrice":"","minPriceForVariant":"","subscriptionPrice":"","subscriptionString":"","priceDisplayCondition":"","finalCostByWeight":false,"submapType":""},"rating":{"averageRating":0,"numberOfReviews":0},"salesUnit":"EACH","variantList":[],"isVariantTypeSwatch":false,"brand":null,"manufacturerName":null,"offerId":"FA23DE59B15B450BA70C2252158A67A4","fitmentLabel":"","isAtfMarker":false,"sellerId":"F55CDC31AB754BB68FE0B39041159D63","sellerName":"Walmart.com","hasSellerBadge":null,"seller":{"name":"Walmart.com","sellerId":"F55CDC31AB754BB68FE0B39041159D63"},"sponsoredProduct":{"spQs":"BB5z0tq10IzGssHKDZGYoxpQkiXXd8e_z1nXT8G0drSY3rOEKGIMAIu7OudrnGnxVG-sEUkwavvZE2hh0Q8WtWs-nckrLq-VwpcgDHGVx00","clickBeacon":"https://wrd.walmart.com/track?storeId=999\u0026mloc=sp-search-middle\u0026pt=search\u0026pltfm=desktop\u0026tax=976759_976794_5614446_6189969\u0026rdf=0\u0026plmt=__plmt__\u0026eventST=__eventST__\u0026spQs=BB5z0tq10IzGssHKDZGYoxpQkiXXd8e_z1nXT8G0drSY3rOEKGIMAIu7OudrnGnxVG-sEUkwavvZE2hh0Q8WtWs-nckrLq-VwpcgDHGVx00\u0026pos=__pos__\u0026pgId=mac+and+cheese\u0026bt=__bt__\u0026adUid=2E0HUiQtFmh1YSDRYX2JjG25yhkfJNS3LcIZ","spTags":null}},{"__typename":"Product","availabilityStatusDisplayValue":"In stock","productLocationDisplayValue":"A16","externalInfoUrl":"","canonicalUrl":"/ip/Annie-s-Shells-White-Cheddar-Macaroni-Cheese-With-Organic-Pasta-6-oz/10294616?fulfillmentIntent=In-store","canAddToCart":true,"showOptions":false,"description":"\u003cli\u003eINCLUDES: One (1) 6-ounce box of Annie's Shells and White Cheddar Macaroni and Cheese\u003c/li\u003e\u003cli\u003eFAVORITE MAC \u0026 CHEESE: Creamy mac and cheese deliciousness made with organic pasta and real white\u003c/li\u003e","flag":"","fulfillmentBadges":["Pickup","Delivery"],"fulfillmentIcon":{"key":"SAVE_WITH_W_PLUS","label":"Save with"},"fulfillmentBadge":"","fulfillmentSpeed":[],"fulfillmentType":"STORE","id":"4B2Y13EH91UR","usItemId":"10294616","image":"https://i5.walmartimages.com/asr/17b3fa74-3146-46e6-ad65-9e053e0439d0.f215a3e06d343abe4c7c3d33c428291f.jpeg?odnHeight=180\u0026odnWidth=180\u0026odnBg=ffffff","isOutOfStock":false,"esrb":"","mediaRating":"","name":"Annie's Shells \u0026 White Cheddar Macaroni \u0026 Cheese With Organic Pasta, 6 oz","price":1.18,"preOrder":{"isPreOrder":false,"preOrderMessage":null,"preOrderStreetDateMessage":null},"priceInfo":{"itemPrice":"","linePrice":"$1.18","wasPrice":"","unitPrice":"19.7 ¢/oz","shipPrice":"","minPriceForVariant":"","subscriptionPrice":"","subscriptionString":"","priceDisplayCondition":"","finalCostByWeight":false,"submapType":""},"rating":{"averageRating":0,"numberOfReviews":0},"salesUnit":"EACH","variantList":[],"isVariantTypeSwatch":false,"brand":null,"manufacturerName":null,"offerId":"1A1A338AD580418A9CF093EEBB39A3A7","fitmentLabel":"","isAtfMarker":false,"sellerId":"F55CDC31AB754BB68FE0B39041159D63","sellerName":"Walmart.com","hasSellerBadge":null,"seller":{"name":"Walmart.com","sellerId":"F55CDC31AB754BB68FE0B39041159D63"},"sponsoredProduct":null},{"__typename":"Product","availabilityStatusDisplayValue":"In stock","productLocationDisplayValue":"A16","externalInfoUrl":"","canonicalUrl":"/ip/Velveeta-Shells-Cheese-Original-Microwavable-Shell-Pasta-Cheese-Sauce-8-ct-Pack-2-39-oz-Cups/46330204?fulfillmentIntent=In-store","canAddToCart":true,"showOptions":false,"description":"\u003cli\u003eVelveeta, velveeta shells and cheese, velveeta shells and cheese cups, velveeta mac and cheese, velveeta macaroni and cheese, mac and cheese velveeta, macaroni and cheese velveeta, velveeta mac\u003c/li\u003e","flag":"","fulfillmentBadges":["Pickup","Delivery","2-day shipping"],"fulfillmentIcon":{"key":"SAVE_WITH_W_PLUS","label":"Save with"},"fulfillmentBadge":"","fulfillmentSpeed":[],"fulfillmentType":"STORE","id":"29OPEUPMMBVL","usItemId":"46330204","image":"https://i5.walmartimages.com/asr/992a62bc-a9e5-4331-aba8-4733714b2943.e7db9dfa95457d485eda6f0eee0b04ae.jpeg?odnHeight=180\u0026odnWidth=180\u0026odnBg=ffffff","isOutOfStock":false,"esrb":"","mediaRating":"","name":"Velveeta Shells \u0026 Cheese Original Microwavable Shell Pasta \u0026 Cheese Sauce, 8 ct Pack, 2.39 oz Cups","price":6.92,"preOrder":{"isPreOrder":false,"preOrderMessage":null,"preOrderStreetDateMessage":null},"priceInfo":{"itemPrice":"","linePrice":"$6.92","wasPrice":"","unitPrice":"36.2 ¢/oz","shipPrice":"","minPriceForVariant":"","subscriptionPrice":"","subscriptionString":"","priceDisplayCondition":"","finalCostByWeight":false,"submapType":""},"rating":{"averageRating":0,"numberOfReviews":0},"salesUnit":"EACH","variantList":[],"isVariantTypeSwatch":false,"brand":null,"manufacturerName":null,"offerId":"D9ACE90F4E314C8187EE63ACD3944152","fitmentLabel":"","isAtfMarker":false,"sellerId":"F55CDC31AB754BB68FE0B39041159D63","sellerName":"Walmart.com","hasSellerBadge":null,"seller":{"name":"Walmart.com","sellerId":"F55CDC31AB754BB68FE0B39041159D63"},"sponsoredProduct":null},{"__typename":"Product","availabilityStatusDisplayValue":"In stock","productLocationDisplayValue":"A16","externalInfoUrl":"","canonicalUrl":"/ip/Great-Value-Original-Macaroni-Cheese-2-05-oz-4-pack/21289111?fulfillmentIntent=In-store","canAddToCart":true,"showOptions":false,"description":"\u003cli\u003eJust add water\u003c/li\u003e\u003cli\u003eMade with real cheddar cheese\u003c/li\u003e\u003cli\u003eReady in 3.5 minutes\u003c/li\u003e","flag":"","fulfillmentBadges":["Pickup","Delivery","2-day shipping"],"fulfillmentIcon":{"key":"SAVE_WITH_W_PLUS","label":"Save with"},"fulfillmentBadge":"","fulfillmentSpeed":[],"fulfillmentType":"STORE","id":"65NGH69DYU0I","usItemId":"21289111","image":"https://i5.walmartimages.com/asr/14abf4c5-1f29-4b94-a916-67d7c8676049_2.fec4cbc81c83260e4bad37f0c83dc758.jpeg?odnHeight=180\u0026odnWidth=180\u0026odnBg=ffffff","isOutOfStock":false,"esrb":"","mediaRating":"","name":"Great Value Original Macaroni \u0026 Cheese, 2.05 oz, 4 pack","price":3.16,"preOrder":{"isPreOrder":false,"preOrderMessage":null,"preOrderStreetDateMessage":null},"priceInfo":{"itemPrice":"","linePrice":"$3.16","wasPrice":"","unitPrice":"38.5 ¢/oz","shipPrice":"","minPriceForVariant":"","subscriptionPrice":"","subscriptionString":"","priceDisplayCondition":"","finalCostByWeight":false,"submapType":""},"rating":{"averageRating":0,"numberOfReviews":0},"salesUnit":"EACH","variantList":[],"isVariantTypeSwatch":false,"brand":null,"manufacturerName":null,"offerId":"82B9D9DFD495499289C57433F292850D","fitmentLabel":"","isAtfMarker":false,"sellerId":"F55CDC31AB754BB68FE0B39041159D63","sellerName":"Walmart.com","hasSellerBadge":null,"seller":{"name":"Walmart.com","sellerId":"F55CDC31AB754BB68FE0B39041159D63"},"sponsoredProduct":null},{"__typename":"Product","availabilityStatusDisplayValue":"In stock","productLocationDisplayValue":"A16","externalInfoUrl":"","canonicalUrl":"/ip/Great-Value-Premium-Shells-Cheese-Microwavable-Cups-Original-2-39-oz-4-Count/553423640?fulfillmentIntent=In-store","canAddToCart":true,"showOptions":false,"description":"\u003cli\u003ePack of 4 single-serving macaroni and cheese cups\u003c/li\u003e\u003cli\u003eMixture of shell-shaped pasta and creamy cheese sauce\u003c/li\u003e\u003cli\u003eCheese sauce is made with real cheddar cheese\u003c/li\u003e","flag":"","fulfillmentBadges":["Pickup","Delivery"],"fulfillmentIcon":{"key":"SAVE_WITH_W_PLUS","label":"Save with"},"fulfillmentBadge":"","fulfillmentSpeed":[],"fulfillmentType":"STORE","id":"7EN75NYNZN4W","usItemId":"553423640","image":"https://i5.walmartimages.com/asr/ca39cbc2-c2f3-4b6f-8fd2-842aab337e1f_1.b409900562dc0c38648a2402037863bf.jpeg?odnHeight=180\u0026odnWidth=180\u0026odnBg=ffffff","isOutOfStock":false,"esrb":"","mediaRating":"","name":"Great Value Premium Shells \u0026 Cheese Microwavable Cups, Original, 2.39 oz, 4 Count","price":3.16,"preOrder":{"isPreOrder":false,"preOrderMessage":null,"preOrderStreetDateMessage":null},"priceInfo":{"itemPrice":"","linePrice":"$3.16","wasPrice":"","unitPrice":"33.1 ¢/oz","shipPrice":"","minPriceForVariant":"","subscriptionPrice":"","subscriptionString":"","priceDisplayCondition":"","finalCostByWeight":false,"submapType":""},"rating":{"averageRating":0,"numberOfReviews":0},"salesUnit":"EACH","variantList":[],"isVariantTypeSwatch":false,"brand":null,"manufacturerName":null,"offerId":"4A0BDEFDA7BA4A8F8EAF930236E67BD3","fitmentLabel":"","isAtfMarker":false,"sellerId":"F55CDC31AB754BB68FE0B39041159D63","sellerName":"Walmart.com","hasSellerBadge":null,"seller":{"name":"Walmart.com","sellerId":"F55CDC31AB754BB68FE0B39041159D63"},"sponsoredProduct":null},{"__typename":"Product","availabilityStatusDisplayValue":"In stock","productLocationDisplayValue":"A16","externalInfoUrl":"","canonicalUrl":"/ip/Great-Value-Artisan-Crafted-Macaroni-and-Cheese-Italian-Five-Cheese-12-oz/932553920?fulfillmentIntent=In-store","canAddToCart":true,"showOptions":false,"description":"\u003cli\u003eElbow shaped macaroni\u003c/li\u003e\u003cli\u003eBlend of five cheeses including mozzarella, Monterey jack, asiago, cheddar and parmesan\u003c/li\u003e\u003cli\u003eEasy to make\u003c/li\u003e\u003cli\u003eContains about 4 servings\u003c/li\u003e","flag":"","fulfillmentBadges":["Pickup","Delivery"],"fulfillmentIcon":{"key":"SAVE_WITH_W_PLUS","label":"Save with"},"fulfillmentBadge":"","fulfillmentSpeed":[],"fulfillmentType":"STORE","id":"56BTIAPBB184","usItemId":"932553920","image":"https://i5.walmartimages.com/asr/4dbd85cc-ae25-4bc2-8f2a-5134954210ae_5.b45f250918cace535979ded34c859086.jpeg?odnHeight=180\u0026odnWidth=180\u0026odnBg=ffffff","isOutOfStock":false,"esrb":"","mediaRating":"","name":"Great Value Artisan Crafted Macaroni and Cheese, Italian Five Cheese, 12 oz","price":1.98,"preOrder":{"isPreOrder":false,"preOrderMessage":null,"preOrderStreetDateMessage":null},"priceInfo":{"itemPrice":"","linePrice":"$1.98","wasPrice":"","unitPrice":"16.5 ¢/oz","shipPrice":"","minPriceForVariant":"","subscriptionPrice":"","subscriptionString":"","priceDisplayCondition":"","finalCostByWeight":false,"submapType":""},"rating":{"averageRating":0,"numberOfReviews":0},"salesUnit":"EACH","variantList":[],"isVariantTypeSwatch":false,"brand":null,"manufacturerName":null,"offerId":"F0106A2F2777439F937A6D77BCC002FE","fitmentLabel":"","isAtfMarker":false,"sellerId":"F55CDC31AB754BB68FE0B39041159D63","sellerName":"Walmart.com","hasSellerBadge":null,"seller":{"name":"Walmart.com","sellerId":"F55CDC31AB754BB68FE0B39041159D63"},"sponsoredProduct":null},{"__typename":"Product","availabilityStatusDisplayValue":"In stock","productLocationDisplayValue":"A16","externalInfoUrl":"","canonicalUrl":"/ip/Great-Value-Artisan-Crafted-Macaroni-and-Cheese-White-Cheddar-Black-Pepper-12-oz/865174560?fulfillmentIntent=In-store","canAddToCart":true,"showOptions":false,"description":"\u003cli\u003eElbow shaped macaroni\u003c/li\u003e\u003cli\u003eCreamy white cheddar cheese with ground black pepper\u003c/li\u003e\u003cli\u003eEasy to make\u003c/li\u003e\u003cli\u003eContains about 4 servings\u003c/li\u003e","flag":"","fulfillmentBadges":["Pickup","Delivery"],"fulfillmentIcon":{"key":"SAVE_WITH_W_PLUS","label":"Save with"},"fulfillmentBadge":"","fulfillmentSpeed":[],"fulfillmentType":"STORE","id":"7J8B8JJCTKH4","usItemId":"865174560","image":"https://i5.walmartimages.com/asr/6531fcc9-dfca-4d6b-ab90-a358384840e8_4.09b26f95056720c2b5bf7d1df0019060.jpeg?odnHeight=180\u0026odnWidth=180\u0026odnBg=ffffff","isOutOfStock":false,"esrb":"","mediaRating":"","name":"Great Value Artisan Crafted Macaroni and Cheese, White Cheddar \u0026 Black Pepper, 12 oz","price":1.98,"preOrder":{"isPreOrder":false,"preOrderMessage":null,"preOrderStreetDateMessage":null},"priceInfo":{"itemPrice":"","linePrice":"$1.98","wasPrice":"","unitPrice":"16.5 ¢/oz","shipPrice":"","minPriceForVariant":"","subscriptionPrice":"","subscriptionString":"","priceDisplayCondition":"","finalCostByWeight":false,"submapType":""},"rating":{"averageRating":0,"numberOfReviews":0},"salesUnit":"EACH","variantList":[],"isVariantTypeSwatch":false,"brand":null,"manufacturerName":null,"offerId":"154C09405161449CAF6661DBAFBEAE0F","fitmentLabel":"","isAtfMarker":false,"sellerId":"F55CDC31AB754BB68FE0B39041159D63","sellerName":"Walmart.com","hasSellerBadge":null,"seller":{"name":"Walmart.com","sellerId":"F55CDC31AB754BB68FE0B39041159D63"},"sponsoredProduct":null},{"__typename":"Product","availabilityStatusDisplayValue":"In stock","productLocationDisplayValue":"A16","externalInfoUrl":"","canonicalUrl":"/ip/Kraft-Deluxe-Four-Cheese-Macaroni-Cheese-Dinner-14-oz-Box/10295755?fulfillmentIntent=In-store","canAddToCart":true,"showOptions":false,"description":"\u003cli\u003emacaroni and cheese\u003c/li\u003e","flag":"","fulfillmentBadges":["Pickup","Delivery","3+ day shipping"],"fulfillmentIcon":{"key":"SAVE_WITH_W_PLUS","label":"Save with"},"fulfillmentBadge":"","fulfillmentSpeed":[],"fulfillmentType":"STORE","id":"5NUC1OGFW95U","usItemId":"10295755","image":"https://i5.walmartimages.com/asr/d039a1d7-f728-4b9e-ba99-09b712d77de3.0f5b98edc327628b846e111332680374.jpeg?odnHeight=180\u0026odnWidth=180\u0026odnBg=ffffff","isOutOfStock":false,"esrb":"","mediaRating":"","name":"Kraft Deluxe Four Cheese Macaroni \u0026 Cheese Dinner, 14 oz Box","price":2.98,"preOrder":{"isPreOrder":false,"preOrderMessage":null,"preOrderStreetDateMessage":null},"priceInfo":{"itemPrice":"","linePrice":"$2.98","wasPrice":"","unitPrice":"21.3 ¢/oz","shipPrice":"","minPriceForVariant":"","subscriptionPrice":"","subscriptionString":"","priceDisplayCondition":"","finalCostByWeight":false,"submapType":""},"rating":{"averageRating":0,"numberOfReviews":0},"salesUnit":"EACH","variantList":[],"isVariantTypeSwatch":false,"brand":null,"manufacturerName":null,"offerId":"A093AC5FD4AE4B0CAA68B0107D142305","fitmentLabel":"","isAtfMarker":false,"sellerId":"F55CDC31AB754BB68FE0B39041159D63","sellerName":"Walmart.com","hasSellerBadge":null,"seller":{"name":"Walmart.com","sellerId":"F55CDC31AB754BB68FE0B39041159D63"},"sponsoredProduct":null},{"__typename":"Product","availabilityStatusDisplayValue":"In stock","productLocationDisplayValue":"A16","externalInfoUrl":"","canonicalUrl":"/ip/Cracker-Barrel-Sharp-Cheddar-Macaroni-Cheese-Dinner-14-oz-Box/50423045?fulfillmentIntent=In-store","canAddToCart":true,"showOptions":false,"description":"\u003cli\u003esharp cheddar\u003c/li\u003e","flag":"","fulfillmentBadges":["Pickup","Delivery","2-day shipping"],"fulfillmentIcon":{"key":"SAVE_WITH_W_PLUS","label":"Save with"},"fulfillmentBadge":"","fulfillmentSpeed":[],"fulfillmentType":"STORE","id":"5X8K7Y9ZO94W","usItemId":"50423045","image":"https://i5.walmartimages.com/asr/a0b1fdae-53b4-44b6-970a-a6192b403195.7aa0f6dad68e70015145fdd4fd3f1d75.jpeg?odnHeight=180\u0026odnWidth=180\u0026odnBg=ffffff","isOutOfStock":false,"esrb":"","mediaRating":"","name":"Cracker Barrel Sharp Cheddar Macaroni \u0026 Cheese Dinner, 14 oz Box","price":3.48,"preOrder":{"isPreOrder":false,"preOrderMessage":null,"preOrderStreetDateMessage":null},"priceInfo":{"itemPrice":"","linePrice":"$3.48","wasPrice":"","unitPrice":"24.9 ¢/oz","shipPrice":"","minPriceForVariant":"","subscriptionPrice":"","subscriptionString":"","priceDisplayCondition":"","finalCostByWeight":false,"submapType":""},"rating":{"averageRating":0,"numberOfReviews":0},"salesUnit":"EACH","variantList":[],"isVariantTypeSwatch":false,"brand":null,"manufacturerName":null,"offerId":"68A5CA5AD74745AB93D7993D87BA855B","fitmentLabel":"","isAtfMarker":false,"sellerId":"F55CDC31AB754BB68FE0B39041159D63","sellerName":"Walmart.com","hasSellerBadge":null,"seller":{"name":"Walmart.com","sellerId":"F55CDC31AB754BB68FE0B39041159D63"},"sponsoredProduct":null},{"__typename":"Product","availabilityStatusDisplayValue":"In stock","productLocationDisplayValue":"A16","externalInfoUrl":"","canonicalUrl":"/ip/Annie-s-Real-Aged-White-Cheddar-Macaroni-Cheese-4-ct-8-04-oz/55357909?fulfillmentIntent=In-store","canAddToCart":true,"showOptions":false,"description":"\u003cli\u003eMade with organic pasta\u003c/li\u003e\u003cli\u003e100% real cheese\u003c/li\u003e\u003cli\u003eMicrowave in 2 minutes\u003c/li\u003e","flag":"","fulfillmentBadges":["Pickup","Delivery","2-day shipping"],"fulfillmentIcon":{"key":"SAVE_WITH_W_PLUS","label":"Save with"},"fulfillmentBadge":"","fulfillmentSpeed":[],"fulfillmentType":"STORE","id":"0U4ZW6RJROD8","usItemId":"55357909","image":"https://i5.walmartimages.com/asr/3551956b-ec49-4e52-8cd2-19ed4300bf0a.b7b0eaef27ca3ab2bca6221a335e4ff6.png?odnHeight=180\u0026odnWidth=180\u0026odnBg=ffffff","isOutOfStock":false,"esrb":"","mediaRating":"","name":"Annie's Real Aged White Cheddar Macaroni \u0026 Cheese, 4 ct, 8.04 oz","price":4.98,"preOrder":{"isPreOrder":false,"preOrderMessage":null,"preOrderStreetDateMessage":null},"priceInfo":{"itemPrice":"","linePrice":"$4.98","wasPrice":"","unitPrice":"61.9 ¢/oz","shipPrice":"","minPriceForVariant":"","subscriptionPrice":"","subscriptionString":"","priceDisplayCondition":"","finalCostByWeight":false,"submapType":""},"rating":{"averageRating":0,"numberOfReviews":0},"salesUnit":"EACH","variantList":[],"isVariantTypeSwatch":false,"brand":null,"manufacturerName":null,"offerId":"31EFDF042DB64CFC85C7D7398D78E956","fitmentLabel":"","isAtfMarker":false,"sellerId":"F55CDC31AB754BB68FE0B39041159D63","sellerName":"Walmart.com","hasSellerBadge":null,"seller":{"name":"Walmart.com","sellerId":"F55CDC31AB754BB68FE0B39041159D63"},"sponsoredProduct":{"spQs":"BB5z0tq10IzGssHKDZGYoxpQkiXXd8e_z1nXT8G0drTrIN36mBB0jn4hs6f9nHQXVG-sEUkwavvZE2hh0Q8WtWs-nckrLq-VwpcgDHGVx00","clickBeacon":"https://wrd.walmart.com/track?storeId=999\u0026mloc=sp-search-middle\u0026pt=search\u0026pltfm=desktop\u0026tax=976759_976794_5614446_6189969\u0026rdf=0\u0026plmt=__plmt__\u0026eventST=__eventST__\u0026spQs=BB5z0tq10IzGssHKDZGYoxpQkiXXd8e_z1nXT8G0drTrIN36mBB0jn4hs6f9nHQXVG-sEUkwavvZE2hh0Q8WtWs-nckrLq-VwpcgDHGVx00\u0026pos=__pos__\u0026pgId=mac+and+cheese\u0026bt=__bt__\u0026adUid=2E0HUiQtFmh1YSDRYX2JjG25yhkfJNS3LcIZ","spTags":null}},{"__typename":"Product","availabilityStatusDisplayValue":"In stock","productLocationDisplayValue":"A16","externalInfoUrl":"","canonicalUrl":"/ip/Annie-s-Deluxe-Rich-Creamy-Shells-Four-Cheese-11-3-oz/665860637?fulfillmentIntent=In-store","canAddToCart":true,"showOptions":false,"description":"Annies Deluxe Four Cheese Mac \u0026 Cheese","flag":"","fulfillmentBadges":["Pickup","Delivery"],"fulfillmentIcon":{"key":"SAVE_WITH_W_PLUS","label":"Save with"},"fulfillmentBadge":"","fulfillmentSpeed":[],"fulfillmentType":"STORE","id":"53BMHPE86V1D","usItemId":"665860637","image":"https://i5.walmartimages.com/asr/e5f7f76f-fcb7-47aa-adc8-ca9ce94b8f87.3b2e086bbf0c26cfeb6c7e54bdff0b0b.png?odnHeight=180\u0026odnWidth=180\u0026odnBg=ffffff","isOutOfStock":false,"esrb":"","mediaRating":"","name":"Annie's Deluxe Rich \u0026 Creamy Shells \u0026 Four Cheese 11.3 oz","price":2.98,"preOrder":{"isPreOrder":false,"preOrderMessage":null,"preOrderStreetDateMessage":null},"priceInfo":{"itemPrice":"","linePrice":"$2.98","wasPrice":"","unitPrice":"26.4 ¢/oz","shipPrice":"","minPriceForVariant":"","subscriptionPrice":"","subscriptionString":"","priceDisplayCondition":"","finalCostByWeight":false,"submapType":""},"rating":{"averageRating":0,"numberOfReviews":0},"salesUnit":"EACH","variantList":[],"isVariantTypeSwatch":false,"brand":null,"manufacturerName":null,"offerId":"82A078CED86E41DAA6DB8ECFC63178D9","fitmentLabel":"","isAtfMarker":false,"sellerId":"F55CDC31AB754BB68FE0B39041159D63","sellerName":"Walmart.com","hasSellerBadge":null,"seller":{"name":"Walmart.com","sellerId":"F55CDC31AB754BB68FE0B39041159D63"},"sponsoredProduct":{"spQs":"oTbWTIihW_WrajJb30HqlBpQkiXXd8e_z1nXT8G0drSxdwvQM48xzhTWF7R7bC02YLuae2pR9rruWWBqG0a8c6W9NNvTm5U1qL7sBn2bpCM","clickBeacon":"https://wrd.walmart.com/track?storeId=999\u0026mloc=sp-search-middle\u0026pt=search\u0026pltfm=desktop\u0026tax=976759_976794_5614446_6189969\u0026rdf=0\u0026plmt=__plmt__\u0026eventST=__eventST__\u0026spQs=oTbWTIihW_WrajJb30HqlBpQkiXXd8e_z1nXT8G0drSxdwvQM48xzhTWF7R7bC02YLuae2pR9rruWWBqG0a8c6W9NNvTm5U1qL7sBn2bpCM\u0026pos=__pos__\u0026pgId=mac+and+cheese\u0026bt=__bt__\u0026adUid=2E0HUiQtFmh1YSDRYX2JjG25yhkfJNS3LcIZ","spTags":null}},{"__typename":"Product","availabilityStatusDisplayValue":"In stock","productLocationDisplayValue":"A16","externalInfoUrl":"","canonicalUrl":"/ip/Kraft-Three-Cheese-Macaroni-Cheese-Dinner-with-Mini-Shell-Pasta-7-25-oz-Box/10295740?fulfillmentIntent=In-store","canAddToCart":true,"showOptions":false,"description":"\u003cli\u003ethree cheese\u003c/li\u003e","flag":"","fulfillmentBadges":["Pickup","Delivery"],"fulfillmentIcon":{"key":"SAVE_WITH_W_PLUS","label":"Save with"},"fulfillmentBadge":"","fulfillmentSpeed":[],"fulfillmentType":"STORE","id":"16QNY8D1GNT0","usItemId":"10295740","image":"https://i5.walmartimages.com/asr/e55aaf3f-cc7e-47fb-a53b-88dafa6d7f52.0695b1b395e42c83414309a51cc9e278.jpeg?odnHeight=180\u0026odnWidth=180\u0026odnBg=ffffff","isOutOfStock":false,"esrb":"","mediaRating":"","name":"Kraft Three Cheese Macaroni \u0026 Cheese Dinner with Mini-Shell Pasta, 7.25 oz Box","price":0.98,"preOrder":{"isPreOrder":false,"preOrderMessage":null,"preOrderStreetDateMessage":null},"priceInfo":{"itemPrice":"","linePrice":"$0.98","wasPrice":"","unitPrice":"13.5 ¢/oz","shipPrice":"","minPriceForVariant":"","subscriptionPrice":"","subscriptionString":"","priceDisplayCondition":"","finalCostByWeight":false,"submapType":""},"rating":{"averageRating":0,"numberOfReviews":0},"salesUnit":"EACH","variantList":[],"isVariantTypeSwatch":false,"brand":null,"manufacturerName":null,"offerId":"572262F6B9D04B66AC4D1DDE4D21E772","fitmentLabel":"","isAtfMarker":false,"sellerId":"F55CDC31AB754BB68FE0B39041159D63","sellerName":"Walmart.com","hasSellerBadge":null,"seller":{"name":"Walmart.com","sellerId":"F55CDC31AB754BB68FE0B39041159D63"},"sponsoredProduct":null},{"__typename":"Product","availabilityStatusDisplayValue":"In stock","productLocationDisplayValue":"A16","externalInfoUrl":"","canonicalUrl":"/ip/Kraft-Macaroni-Cheese-Dinner-with-Disney-Frozen-II-Pasta-Shapes-5-5-oz-Box/10295361?fulfillmentIntent=In-store","canAddToCart":true,"showOptions":false,"description":"\u003cli\u003eEnriched macaroni product\u003c/li\u003e\u003cli\u003echeese sauce\u003c/li\u003e\u003cli\u003esaltDouble the calcium of regular macaroni and cheese dinnersSensible solution\u003c/li\u003e","flag":"","fulfillmentBadges":["Pickup","Delivery"],"fulfillmentIcon":{"key":"SAVE_WITH_W_PLUS","label":"Save with"},"fulfillmentBadge":"","fulfillmentSpeed":[],"fulfillmentType":"STORE","id":"20KE5IQZNK11","usItemId":"10295361","image":"https://i5.walmartimages.com/asr/2c75872b-5125-47c9-b619-764ecf300cee.dc9d514d18563b15a144b4f980bb3491.jpeg?odnHeight=180\u0026odnWidth=180\u0026odnBg=ffffff","isOutOfStock":false,"esrb":"","mediaRating":"","name":"Kraft Macaroni \u0026 Cheese Dinner with Disney Frozen II Pasta Shapes, 5.5 oz Box","price":0.98,"preOrder":{"isPreOrder":false,"preOrderMessage":null,"preOrderStreetDateMessage":null},"priceInfo":{"itemPrice":"","linePrice":"$0.98","wasPrice":"","unitPrice":"17.8 ¢/oz","shipPrice":"","minPriceForVariant":"","subscriptionPrice":"","subscriptionString":"","priceDisplayCondition":"","finalCostByWeight":false,"submapType":""},"rating":{"averageRating":0,"numberOfReviews":0},"salesUnit":"EACH","variantList":[],"isVariantTypeSwatch":false,"brand":null,"manufacturerName":null,"offerId":"0FE13C032C364E63AE17A10DC3716667","fitmentLabel":"","isAtfMarker":false,"sellerId":"F55CDC31AB754BB68FE0B39041159D63","sellerName":"Walmart.com","hasSellerBadge":null,"seller":{"name":"Walmart.com","sellerId":"F55CDC31AB754BB68FE0B39041159D63"},"sponsoredProduct":null},{"__typename":"Product","availabilityStatusDisplayValue":"In stock","productLocationDisplayValue":"A16","externalInfoUrl":"","canonicalUrl":"/ip/Kraft-Original-Macaroni-Cheese-Dinner-Value-Size-14-5-oz-Box/44391038?fulfillmentIntent=In-store","canAddToCart":true,"showOptions":false,"description":"\u003cli\u003emacaroni and cheese\u003c/li\u003e","flag":"","fulfillmentBadges":["Pickup","Delivery"],"fulfillmentIcon":{"key":"SAVE_WITH_W_PLUS","label":"Save with"},"fulfillmentBadge":"","fulfillmentSpeed":[],"fulfillmentType":"STORE","id":"58JNALR7U2LE","usItemId":"44391038","image":"https://i5.walmartimages.com/asr/4d2a1e6c-321e-46fe-8b3f-1d119d1fb888.cf1c79b5f5abfec445e7e47b34c250fe.jpeg?odnHeight=180\u0026odnWidth=180\u0026odnBg=ffffff","isOutOfStock":false,"esrb":"","mediaRating":"","name":"Kraft Original Macaroni \u0026 Cheese Dinner Value Size, 14.5 oz Box","price":1.97,"preOrder":{"isPreOrder":false,"preOrderMessage":null,"preOrderStreetDateMessage":null},"priceInfo":{"itemPrice":"","linePrice":"$1.97","wasPrice":"","unitPrice":"13.6 ¢/oz","shipPrice":"","minPriceForVariant":"","subscriptionPrice":"","subscriptionString":"","priceDisplayCondition":"","finalCostByWeight":false,"submapType":""},"rating":{"averageRating":0,"numberOfReviews":0},"salesUnit":"EACH","variantList":[],"isVariantTypeSwatch":false,"brand":null,"manufacturerName":null,"offerId":"D1C8F2338C854B88AB7B5299599A8008","fitmentLabel":"","isAtfMarker":false,"sellerId":"F55CDC31AB754BB68FE0B39041159D63","sellerName":"Walmart.com","hasSellerBadge":null,"seller":{"name":"Walmart.com","sellerId":"F55CDC31AB754BB68FE0B39041159D63"},"sponsoredProduct":null},{"__typename":"Product","availabilityStatusDisplayValue":"In stock","productLocationDisplayValue":"A16","externalInfoUrl":"","canonicalUrl":"/ip/Cheetos-Bold-Cheesy-Flavor-Mac-n-Cheese-5-9-oz/296599281?fulfillmentIntent=In-store","canAddToCart":true,"showOptions":false,"description":"Mac N Cheetos Bold Cheesy Box","flag":"","fulfillmentBadges":["Pickup","Delivery"],"fulfillmentIcon":{"key":"SAVE_WITH_W_PLUS","label":"Save with"},"fulfillmentBadge":"","fulfillmentSpeed":[],"fulfillmentType":"STORE","id":"4DB487Q1Y5TS","usItemId":"296599281","image":"https://i5.walmartimages.com/asr/ebc55a0f-3662-497a-9e0a-93879e79a703.2594882508aadc438395e47fc4f72d67.jpeg?odnHeight=180\u0026odnWidth=180\u0026odnBg=ffffff","isOutOfStock":false,"esrb":"","mediaRating":"","name":"Cheetos Bold \u0026 Cheesy Flavor Mac'n Cheese, 5.9 oz","price":0.96,"preOrder":{"isPreOrder":false,"preOrderMessage":null,"preOrderStreetDateMessage":null},"priceInfo":{"itemPrice":"","linePrice":"$0.96","wasPrice":"","unitPrice":"16.3 ¢/oz","shipPrice":"","minPriceForVariant":"","subscriptionPrice":"","subscriptionString":"","priceDisplayCondition":"","finalCostByWeight":false,"submapType":""},"rating":{"averageRating":0,"numberOfReviews":0},"salesUnit":"EACH","variantList":[],"isVariantTypeSwatch":false,"brand":null,"manufacturerName":null,"offerId":"2E1B6DFE1E564C87A98828ABBAAE8CAE","fitmentLabel":"","isAtfMarker":false,"sellerId":"F55CDC31AB754BB68FE0B39041159D63","sellerName":"Walmart.com","hasSellerBadge":null,"seller":{"name":"Walmart.com","sellerId":"F55CDC31AB754BB68FE0B39041159D63"},"sponsoredProduct":null},{"__typename":"Product","availabilityStatusDisplayValue":"In stock","productLocationDisplayValue":"A16","externalInfoUrl":"","canonicalUrl":"/ip/Velveeta-Shells-Cheese-Original-Shell-Pasta-Cheese-Sauce-Value-Size-Meal-24-oz-Box/14890024?fulfillmentIntent=In-store","canAddToCart":true,"showOptions":false,"description":"\u003cli\u003eshells and cheese\u003c/li\u003e","flag":"","fulfillmentBadges":["Pickup","Delivery","2-day shipping"],"fulfillmentIcon":{"key":"SAVE_WITH_W_PLUS","label":"Save with"},"fulfillmentBadge":"","fulfillmentSpeed":[],"fulfillmentType":"STORE","id":"32NDT7Z4E5XK","usItemId":"14890024","image":"https://i5.walmartimages.com/asr/d8d88bcc-0f59-4857-a514-cc29f4e2d841.c91deb68b4de5b08352d45f2afe970ae.jpeg?odnHeight=180\u0026odnWidth=180\u0026odnBg=ffffff","isOutOfStock":false,"esrb":"","mediaRating":"","name":"Velveeta Shells \u0026 Cheese Original Shell Pasta \u0026 Cheese Sauce Value Size Meal, 24 oz Box","price":5.48,"preOrder":{"isPreOrder":false,"preOrderMessage":null,"preOrderStreetDateMessage":null},"priceInfo":{"itemPrice":"","linePrice":"$5.48","wasPrice":"","unitPrice":"22.8 ¢/oz","shipPrice":"","minPriceForVariant":"","subscriptionPrice":"","subscriptionString":"","priceDisplayCondition":"","finalCostByWeight":false,"submapType":""},"rating":{"averageRating":0,"numberOfReviews":0},"salesUnit":"EACH","variantList":[],"isVariantTypeSwatch":false,"brand":null,"manufacturerName":null,"offerId":"3617053318E3448897DA379C1728147E","fitmentLabel":"","isAtfMarker":false,"sellerId":"F55CDC31AB754BB68FE0B39041159D63","sellerName":"Walmart.com","hasSellerBadge":null,"seller":{"name":"Walmart.com","sellerId":"F55CDC31AB754BB68FE0B39041159D63"},"sponsoredProduct":null},{"__typename":"Product","availabilityStatusDisplayValue":"In stock","productLocationDisplayValue":"A16","externalInfoUrl":"","canonicalUrl":"/ip/Kraft-Macaroni-Cheese-Easy-Microwavable-Dinner-with-Nickelodeon-Paw-Patrol-Pasta-Shapes-4-ct-Pack-1-9-oz-Cups/23554429?fulfillmentIntent=In-store","canAddToCart":true,"showOptions":false,"description":"\u003cli\u003elunch for kids\u003c/li\u003e","flag":"","fulfillmentBadges":["Pickup","Delivery"],"fulfillmentIcon":{"key":"SAVE_WITH_W_PLUS","label":"Save with"},"fulfillmentBadge":"","fulfillmentSpeed":[],"fulfillmentType":"STORE","id":"3TGD6RQQ7UNB","usItemId":"23554429","image":"https://i5.walmartimages.com/asr/f42ea4e3-62ff-4bcd-bbc8-6f26f62fb195.48b9925b2f1811396da514badfd67fad.jpeg?odnHeight=180\u0026odnWidth=180\u0026odnBg=ffffff","isOutOfStock":false,"esrb":"","mediaRating":"","name":"Kraft Macaroni \u0026 Cheese Easy Microwavable Dinner with Nickelodeon Paw Patrol Pasta Shapes, 4 ct Pack, 1.9 oz Cups","price":3.78,"preOrder":{"isPreOrder":false,"preOrderMessage":null,"preOrderStreetDateMessage":null},"priceInfo":{"itemPrice":"","linePrice":"$3.78","wasPrice":"","unitPrice":"49.7 ¢/oz","shipPrice":"","minPriceForVariant":"","subscriptionPrice":"","subscriptionString":"","priceDisplayCondition":"","finalCostByWeight":false,"submapType":""},"rating":{"averageRating":0,"numberOfReviews":0},"salesUnit":"EACH","variantList":[],"isVariantTypeSwatch":false,"brand":null,"manufacturerName":null,"offerId":"89891900B6944681A3616A0A7B605F47","fitmentLabel":"","isAtfMarker":false,"sellerId":"F55CDC31AB754BB68FE0B39041159D63","sellerName":"Walmart.com","hasSellerBadge":null,"seller":{"name":"Walmart.com","sellerId":"F55CDC31AB754BB68FE0B39041159D63"},"sponsoredProduct":null},{"__typename":"Product","availabilityStatusDisplayValue":"In stock","productLocationDisplayValue":"A16","externalInfoUrl":"","canonicalUrl":"/ip/Kraft-Original-Macaroni-Cheese-Easy-Microwavable-Big-Bowl-Dinner-3-5-oz-Tray/882491660?fulfillmentIntent=In-store","canAddToCart":true,"showOptions":false,"description":"\u003cli\u003emac and cheese, macaroni and cheese, kraft macaroni and cheese, easy mac, kraft mac and cheese, macaroni \u0026 cheese, mac n cheese, original macaroni, single serve, dorm food, microwave macaroni and\u003c/li\u003e","flag":"","fulfillmentBadges":["Pickup","Delivery"],"fulfillmentIcon":{"key":"SAVE_WITH_W_PLUS","label":"Save with"},"fulfillmentBadge":"","fulfillmentSpeed":[],"fulfillmentType":"STORE","id":"218R5JYY2B9U","usItemId":"882491660","image":"https://i5.walmartimages.com/asr/ccfad0d7-bf1b-43de-bf3c-12cfdbf12b44.96d68bd0794455a50881a251f40330ff.jpeg?odnHeight=180\u0026odnWidth=180\u0026odnBg=ffffff","isOutOfStock":false,"esrb":"","mediaRating":"","name":"Kraft Original Macaroni \u0026 Cheese Easy Microwavable Big Bowl Dinner, 3.5 oz Tray","price":2,"preOrder":{"isPreOrder":false,"preOrderMessage":null,"preOrderStreetDateMessage":null},"priceInfo":{"itemPrice":"","linePrice":"$2.00","wasPrice":"","unitPrice":"56.7 ¢/oz","shipPrice":"","minPriceForVariant":"","subscriptionPrice":"","subscriptionString":"","priceDisplayCondition":"","finalCostByWeight":false,"submapType":""},"rating":{"averageRating":0,"numberOfReviews":0},"salesUnit":"EACH","variantList":[],"isVariantTypeSwatch":false,"brand":null,"manufacturerName":null,"offerId":"3E5C5CD904BC48BAAAEC0B7D44AF7A96","fitmentLabel":"","isAtfMarker":false,"sellerId":"F55CDC31AB754BB68FE0B39041159D63","sellerName":"Walmart.com","hasSellerBadge":null,"seller":{"name":"Walmart.com","sellerId":"F55CDC31AB754BB68FE0B39041159D63"},"sponsoredProduct":null},{"__typename":"Product","availabilityStatusDisplayValue":"In stock","productLocationDisplayValue":"A16","externalInfoUrl":"","canonicalUrl":"/ip/Great-Value-Artisan-Crafted-Macaroni-and-Cheese-Smoked-Gouda-12-oz/156293055?fulfillmentIntent=In-store","canAddToCart":true,"showOptions":false,"description":"\u003cli\u003eElbow shaped macaroni\u003c/li\u003e\u003cli\u003eCreamy smoked gouda cheese sauce\u003c/li\u003e\u003cli\u003eEasy to make\u003c/li\u003e\u003cli\u003eContains about 4 servings\u003c/li\u003e","flag":"","fulfillmentBadges":["Pickup","Delivery"],"fulfillmentIcon":{"key":"SAVE_WITH_W_PLUS","label":"Save with"},"fulfillmentBadge":"","fulfillmentSpeed":[],"fulfillmentType":"STORE","id":"5W14BSES7EXW","usItemId":"156293055","image":"https://i5.walmartimages.com/asr/fe454ddf-6acf-40b6-9014-02b409a013b9_5.847ed157a8eaeae3b40807f6370c5416.jpeg?odnHeight=180\u0026odnWidth=180\u0026odnBg=ffffff","isOutOfStock":false,"esrb":"","mediaRating":"","name":"Great Value Artisan Crafted Macaroni and Cheese, Smoked Gouda, 12 oz","price":1.98,"preOrder":{"isPreOrder":false,"preOrderMessage":null,"preOrderStreetDateMessage":null},"priceInfo":{"itemPrice":"","linePrice":"$1.98","wasPrice":"","unitPrice":"16.5 ¢/oz","shipPrice":"","minPriceForVariant":"","subscriptionPrice":"","subscriptionString":"","priceDisplayCondition":"","finalCostByWeight":false,"submapType":""},"rating":{"averageRating":0,"numberOfReviews":0},"salesUnit":"EACH","variantList":[],"isVariantTypeSwatch":false,"brand":null,"manufacturerName":null,"offerId":"91958AEDCC36457C9A9D739791F12E56","fitmentLabel":"","isAtfMarker":false,"sellerId":"F55CDC31AB754BB68FE0B39041159D63","sellerName":"Walmart.com","hasSellerBadge":null,"seller":{"name":"Walmart.com","sellerId":"F55CDC31AB754BB68FE0B39041159D63"},"sponsoredProduct":null}],"layoutEnum":"GRID"}],"pageMetadata":{"title":"mac and cheese","canonical":null,"description":null,"location":{"addressId":""}},"paginationV2":{"maxPage":5,"pageProperties":{"ps":"40","spelling":"true","stores":"999","grid":"true","query":"mac and cheese","cat_id":"0","sort":"best_match","facet":"fulfillment_method:In-store","displayGuidedNav":true,"affinityOverride":"store_led"}},"spelling":{"correctedTerm":null},"requestContext":{"isFitmentFilterQueryApplied":false,"searchMatchType":"{\"dept\":\"/976759/976794/5614446/6189969\",\"g\":\"S\",\"s\":\"b\",\"trf\":\"ht\",\"p\":2,\"as\":\"a|0|0\",\"qcr\":\"ht\",\"eo\":\"N\",\"id\":\"2E0HUiQtFmh1YSDRYX2JjG25yhkfJNS3LcIZ\",\"css\":\"0|0|0|0\",\"cs\":false,\"ppABTest\":true}","categories":null},"errorResponse":{"correlationId":"bKgyveakkGdQzN-FL62Uk2bkpwxoyjp45_Zc","source":"sis","errors":[]},"modules":null,"count":40,"gridItemsCount":40,"catInfo":{"catId":"/976759/976794/5614446/6189969","name":""}},"pageMetadata":{"location":{"postalCode":"78242","stateOrProvinceCode":"TX","city":"San Antonio","storeId":"999"},"pageContext":{"searchNormalize":{"normalized_query":"macaroni and cheese","original_query":"mac and cheese","rewritten_query":"macaroni and cheese","specificity":"broad","top_query_cat_path":"/976759/976794/5614446/6189969","top_query_cat_path_name":"/Food/Pantry/Boxed Meals \u0026 Side Dishes/Macaroni \u0026 Cheese","analytics_log":{"fe_log":{"dept":"/976759/976794/5614446/6189969","g":"S","s":"b","trf":"ht"}}}}}},"initialSearchQueryVariables":{"id":"","affinityOverride":"store_led","dealsId":"","query":"mac and cheese","page":1,"prg":"desktop","catId":"","facet":"fulfillment_method:In-store","sort":"best_match","rawFacet":"","seoPath":"","ps":40,"ptss":"","trsp":"","beShelfId":"","recall_set":"","module_search":"","min_price":"","max_price":"","storeSlotBooked":"","additionalQueryParams":null,"fitmentFieldParams":null,"fitmentSearchParams":{"id":"","affinityOverride":"store_led","dealsId":"","query":"mac and cheese","page":1,"prg":"desktop","catId":"","facet":"fulfillment_method:In-store","sort":"best_match","rawFacet":"","seoPath":"","ps":40,"ptss":"","trsp":"","beShelfId":"","recall_set":"","module_search":"","min_price":"","max_price":"","storeSlotBooked":"","additionalQueryParams":null,"cat_id":"","_be_shelf_id":""},"fetchMarquee":true,"fetchSkyline":true,"fetchSbaTop":true},"psych":{"isMobile":false,"isBot":false},"isomorphicSessionId":"x0qaPe3zqIBb1ssr4Ckei","trace":{"traceId":"00000000000000000000000000000000","spanId":"0000000000000000","traceFlags":0},"isCaching":false,"queryContextCacheId":6015,"bootstrapData":{"account":{"data":{"account":null}},"cart":null,"header":{"data":{"contentLayout":{"modules":[{"name":"Console GlobalAlertBar Module","type":"GlobalAlertBar","matchedTrigger":{"zone":"alertBar"},"configs":{"athenaEnabled":"False","alertBar":{"iconName":null,"text":"Console event to be rescheduled.","link":{"linkText":"Visit home","title":"Visit home","clickThrough":{"value":"/"},"uid":"bjP9kr_i"}}}}],"layouts":[]}},"headers":{}},"footer":{"data":{"location":{"status":true,"postalCode":"78242","nodeId":"999","errors":[],"shippingAddress":{"addressId":null,"addressLineOne":null,"addressLineTwo":null,"city":"San Antonio","stateOrProvinceCode":"TX","postalCode":"78242"},"pickupNode":{"nodeId":"999","displayName":"San Antonio Supercenter","addressLineOne":"7239 Sw Loop 410","city":"San Antonio","stateOrProvinceCode":"TX","postalCode":"78242"}},"contentLayout":{"modules":[{"name":"GlobalFooterLinks Module,","type":"GlobalFooterLinks","matchedTrigger":{"zone":"footerZone1"},"configs":{"subLinks":[{"link":{"linkText":"Privacy \u0026 Security","title":"Privacy \u0026 Security","clickThrough":{"type":"url","value":"https://corporate.walmart.com/privacy-security","rawValue":"https://corporate.walmart.com/privacy-security"},"uid":"v8SRLDKw"},"isSFLink":"False","openInNewTab":"True"},{"link":{"linkText":"CA Privacy Rights","title":"CA Privacy Rights","clickThrough":{"type":"url","value":"https://corporate.walmart.com/privacy-security/california-privacy-rights","rawValue":"https://corporate.walmart.com/privacy-security/california-privacy-rights"},"uid":"9Ni6sNcm"},"isSFLink":"True","openInNewTab":"True"},{"link":{"linkText":"Do Not Sell My Personal Information","title":"Do Not Sell My Personal Information","clickThrough":{"type":"url","value":"https://www.walmart.com/account/api/ccpa-intake?native=false\u0026app=gm\u0026type=sod","rawValue":"https://www.walmart.com/account/api/ccpa-intake?native=false\u0026app=gm\u0026type=sod"},"uid":"1EAiCJOO"},"isSFLink":"True","openInNewTab":"True"},{"link":{"linkText":"Request My Personal Information","title":"Request My Personal Information","clickThrough":{"type":"url","value":"https://www.walmart.com/account/api/ccpa-intake?native=false\u0026app=gm\u0026type=access","rawValue":"https://www.walmart.com/account/api/ccpa-intake?native=false\u0026app=gm\u0026type=access"},"uid":"vNAKHfwt"},"isSFLink":"True","openInNewTab":"True"},{"link":{"linkText":"Help","title":"Help","clickThrough":{"type":"url","value":"/help","rawValue":"/help"},"uid":"3Owhn3cK"},"isSFLink":"False","openInNewTab":"False"},{"link":{"linkText":"Terms of Use","title":"Terms of Use","clickThrough":{"type":"url","value":"/help/article/walmart-com-terms-of-use/3b75080af40340d6bbd596f116fae5a0","rawValue":"/help/article/walmart-com-terms-of-use/3b75080af40340d6bbd596f116fae5a0"},"uid":"0zMqEcVI"},"isSFLink":"False","openInNewTab":"False"},{"link":{"linkText":"All Departments","title":"All Departments","clickThrough":{"type":"url","value":"/all-departments","rawValue":"/all-departments"},"uid":"zuC8vwt4"},"isSFLink":"False","openInNewTab":"False"},{"link":{"linkText":"Store Directory","title":"Store Directory","clickThrough":{"type":"url","value":"/store/directory","rawValue":"/store/directory"},"uid":"H35X2opY"},"isSFLink":"False","openInNewTab":"False"}]}}],"layouts":[]}},"headers":{}},"cv":{"account":{"_all_":{"vuduLibraryUrl":"https://video.walmart.com/content/account/purchasehistory","registriesUrl":"/my-registries","enableGoogleAutoComplete":true,"enableMyItemsMenu":true,"enablePostalCodeMessage":false,"enableLocationAutoComplete":true,"eBookUrl":"https://www.walmart.com/account/redirect/kobo?page=library","enableAccountWallet":true,"isInHomeEnabled":true,"enableAccountMWeb":true,"walmartPlusUrl":"https://www.walmart.com/grocery/account/plus/overview","enablePostalCodeOnly":false,"listsUrl":"/lists","placeholder":1,"enableWalmartPlus":true,"itemSubscriptionUrl":"https://www.walmart.com/m/deals/subscriptions/manage","communicationAndPrivacyUrl":"/account/communications-and-privacy","enableWalmartPlusPreference":true,"walmartAssociateUrl":"https://www.walmart.com/account/associate-discount","pharmacyUrl":"https://www.walmart.com/pharmacy/dashboard","enableFeatureCommsAndPrivacy":true,"protectionPlanUrl":"/protection-plans","reorderUrl":"https://www.walmart.com/my-items","enableAvsOverride":true,"shouldUpdateCartAfterUpdateZipcode":true,"isFCShippingEnabled":true,"enableItemSubscription":true,"enableInHomeAddress":true}},"cart":{"_all_":{"enableOmniPromise":true,"enableWirelessPostpaid":true,"enableCapOne":true,"enableItemUpdates":true,"sflCountPerPagination":20,"enableFulfillmentHeadersV2":true,"enableWalmartPlusIntegratedSignUp":false,"enablePartialCheckout":true,"enableItemSwitchableBadge":true,"enableInHomeDelivery":true,"enableLastCall":true,"enableOOSHotFix":true,"enableATCOptimization":true,"enablePAC":true,"enableGXOSignInNudge":true,"enableSigninBenefits":true,"enableCapOneRewards":true,"enableWplusFulfillmentBanner":true,"enableGuestCheckout":true,"enablePartialSwitchModuleLevel":true,"enableCallouts":true,"initialSFLCount":10,"enableAffirm":true,"enableItemNotSwitchableBadge":true,"enableEbt":true,"enableWplus":true,"enableSFL":true,"enableCXOPrefetch":true,"enableItemSwitchableTempBadge":false,"enableCarePlansAndHomeServices":true,"enableRegistry":true,"enableStoreSnackBarMessage":false,"enableShippingIntent":true}},"bookslot":{"_all_":{"enableStoreHours":true,"hideStoreChooserDefaultAlert":true,"enableWirelessPostpaid":true,"walmartPlusFreeDelivery":true,"tempoCacheExpirationInSeconds":300,"enableWalmartPlusIntegratedSignUp":true,"hidePickupSlotPrice":true,"alcoholRestrictedSlotsFilterEnable":true,"enableBlockRegistrantAddressDelivery":true,"enableFulfillmentIntent":true,"enableInHomeSlotsQueryHeader":true,"mergeSlotsEnable":true,"enablePickupOnShippingIntent":true,"enableWalmartPlus":true,"nodeSelectableOnlineEnable":true}},"header":{"_all_":{"isAlertBarEnabled":false,"calloutViewsPerIdPerBSTC":1,"calloutViewsPerIdPerVTC":2,"maxCalloutsPerBSTC":4,"showOptOut":true,"calloutsEnabled":true,"showAddressLineOne":true}},"pulse":{"_all_":{"alwaysAllowedTagList":"","logLevel":"info","enableV1Schema":true,"enableQuantumMetric":true}},"footer":{"_all_":{"enableXOFeedback":true,"hideGiveFeedbackSection":true}},"shared":{"_all_":{"legacySiteNGRedirectEnabled":false,"legacySiteInhomeRedirectEnabled":false,"helpLinkReturnRefunds":"https://www.walmart.com/help/channel/returns-and-refunds/5a33a1f61af8479e9d1bd8b727e9e761","legacySiteDirectspendingRedirectEnabled":false,"legacySiteEbtRedirectEnabled":false,"enableWaitingHallway":true,"disableGetCartSSR":true,"helpLinkStorePurchase":"https://www.walmart.com/help/article/view-store-purchases/f56a1afbf3b5428bb69f0124daa49108","beaconWithQuantumMetrics":true,"helpLinkMobileAlertsTerms":"https://www.walmart.com/help/article/mobile-alerts-terms-of-use/499122d9bba94d08b50e8facf42fcc82","bookSlotPersistentFilterEnable":false,"helpLinkMPReturnPolicy":"https://www.walmart.com/help/article/walmart-marketplace-return-policy/63c3566a9d3546858582acae2fbfdb7e","helpLinkTermsOfUse":"https://www.walmart.com/help/article/walmart-com-terms-of-use/3b75080af40340d6bbd596f116fae5a0"}},"ads":{"_all_":{"spMq2Measure3PEnable":true,"adResponseBeaconEnable":true,"spMq2Measure1PEnable":true,"ipMq1RenderEnable":true,"ipSkReqEnable":true,"bpMq2Measure1PEnable":true,"measure3PImpEnable":true,"cacheBusterTimeDiffMs":180000,"bpSkReqEnable":true,"bpMq2ReqEnable":true,"spMq1RenderEnable":true,"bpSkMeasure1PEnable":true,"bpSkMeasure3PEnable":true,"spMq2RenderEnable":true,"ipSpc2Measure1PEnable":true,"hpMq1Measure1PEnable":true,"hpMq1Measure3PEnable":true,"spSkRenderEnable":true,"bpSpc1ReqEnable":true,"bpMq1ReqEnable":true,"displayAddlInfo":false,"displayCheckIp":false,"bpMq1RenderEnable":true,"hpMq2RenderEnable":true,"moatIvt":"https://www.walmart.com/swag/v2/ip-rd","bpMq2RenderEnable":true,"hpMq1RenderEnable":true,"ipSpc2ReqEnable":true,"spSkMeasure1PEnable":true,"displaySbaLogospQs":false,"spSkMeasure3PEnable":true,"bpSpc1Measure1PEnable":true,"spMq1Measure1PEnable":true,"hpP3NMeasure1PEnable":true,"ipSkMeasure1PEnable":true,"spMq1Measure3PEnable":true,"bpMq1Measure1PEnable":true,"ipSpc1ReqEnable":true,"spMq2ReqEnable":true,"bpSkRenderEnable":true,"ipMq1Measure3PEnable":true,"ipMq1Measure1PEnable":true,"spSkReqEnable":true,"displayPreviousRenderCheck":false,"safeframeURL":"https://i5.walmartimages.com/dfw/63fd9f59-d6ba/07b8ea82-184c-4ea3-8ac0-5dc1981e40c8/v33/safeframe.html","hpMq1ReqEnable":true,"bpMq1Measure3PEnable":true,"ipSpc1Measure1PEnable":true,"bpBigMeasure1PEnable":true,"ipSkMeasure3PEnable":true,"ipMq1ReqEnable":true,"ipMq2Measure1PEnable":true,"ipMq2Measure3PEnable":true,"hpMq2Measure3PEnable":true,"hpMq2Measure1PEnable":true,"spMq1ReqEnable":true,"spSpc1ReqEnable":true,"ipP3NMeasure1PEnable":true,"bpMq2Measure3PEnable":true,"blockInternal":true,"ipSkRenderEnable":true,"hpMq2ReqEnable":true,"ipMq2ReqEnable":true,"spSpc1Measure1PEnable":true,"ipMq2RenderEnable":true}},"search":{"_all_":{"enableExternalInfoUrl":true,"fetchItemsV2Enable":true,"fitmentModulesEnable":true,"bannerModulesEnable":true,"searchPersistentFilterEnable":false,"enableFulfillmentMethodDemo":true,"clientFetchTimeoutMs":15000,"fetchTimeoutMs":7000,"bookSlotPersistentFilterEnable":false,"postProcessedQueryEnable":true,"imageSizeEnum":"3","seoModulesEnable":true,"partialRenderEnable":true}}}},"enableGqlCsrRedirect":true,"nonce":"TJkImobqdXUp4NaP"}},"page":"/search","query":{"q":"mac and cheese","facet":"fulfillment_method:In-store","affinityOverride":"store_led"},"buildId":"production_20211006T193458787Z","assetPrefix":"https://i5.walmartimages.com/dfw/63fd9f59-7f10/f39d4daf-be64-4c7a-b470-b7275856c4da/v2","runtimeConfig":{"appVersion":"main-110-79cb6e","appSha":"79cb6ee2d0ac37eb0a9a8100e45f28acfeeaf177","profile":"production","tmxOrgId":"hgy2n0ks","dataCenter":"eus2","tenant":"WM_GLASS","queryContext":{"appVersion":"main-110-79cb6e","isPerimeterXTest":false,"gql":{"endpointsByName":{"cecxo":"/orchestra/cartxo/graphql","cecph":"/orchestra/cph/graphql","ceorders":"/orchestra/orders/graphql","cegateway":"/orchestra/home/graphql"}},"rest":{"endpointsByName":{"ceaccount":"/orchestra/api/account","ceidentity":"/orchestra/account/electrode/api/identity","cereturns":"/orchestra/api/returns","cehelp":"/orchestra/help/api","typeahead":"/typeahead/v3/complete","espvalidation":"/esp/prepaid/v1/plans","warppaymentoptions":"/orchestra/api/online/variantbasic/item","ceccm":"/orchestra/api/ccm/v1/bootstrap","cewireless":"/orchestra/api/wireless","cewarp":"/orchestra/api/warp"}}},"isDev":false,"enableLatencyTrace":true,"enablePersistedQueries":false,"mockURL":"http://mock-backend.dev.walmart.com/","mock":true,"moatIvt":"https://i5.walmartimages.com/dfw/4ff9c6c9-2dd1/k2-_8b2f2d93-4e1f-454a-95b1-a9b26af853b2.v1.js","endpointMappings":{"operations":{"query configuration":"cegateway","query ContentPage":"cegateway","query checkItemCartEligibility":"cecxo","mutation MergeAndGetCart":"cecxo","query getGuestOrder":"cegateway","query PurchaseHistory":"cecph","mutation NotifyCapOneBannerSnooze":"cegateway","mutation CancelOrder":"cecph","query LastCallPage":"cegateway","query GetCommPreference":"cegateway","query PurchasedProtectionPlans":"cecph","query ProtectionPlanDetail":"cecph"},"queryStrings":{"step=cart":"cecxo","step=bookslot":"cecxo","entitytype=*":"ceorders","state=*":"ceorders","source=*":"ceorders"},"pages":{"*":"cegateway","/":"cegateway","/404":"cegateway","/account/*":"cegateway","/all-departments":"cegateway","/browse/*":"cegateway","/c/[...seo]":"cegateway","/ci-control":"cegateway","/cp/[...categoryParams]":"cegateway","/content/[...categoryParams]":"cegateway","/help/*":"cegateway","/ip/[...itemParams]":"cegateway","/lists/*":"cegateway","/my-items":"cegateway","/my-registries":"cegateway","/shop/*":"cegateway","/shop/[...seo]":"cegateway","/nonprofits/*":"cegateway","/orders/*":"ceorders","/partner/plus/[promoId]/*":"cegateway","/plus/*":"cegateway","/product/[...itemParams]":"cegateway","/registry/*":"cegateway","/reviews/*":"cegateway","/search/*":"cegateway","/seller/*":"cegateway","/services":"cegateway","/thankyou":"cecxo","/topic/[...seo]":"cegateway","/tp/*":"cegateway","/update-payment-method-form":"cegateway","/update-payment-method":"cegateway","/wallet/associate-discount":"cegateway"}},"googleMaps":{"checkAddressAPIKey":"AIzaSyCX5gh3yoq4316wUDxRpljFOwWA6_-BEMg","addressAPIKey":"AIzaSyBIAnB1a3UejjFVRNtszhaEE8yrKySRTEo","geoCodingAPIKey":"AIzaSyBvv63fBVZ1RtNJLGkN9XCFE1WfVl0o1HY"},"perimeterX":{"enable":true,"initScript":"https://www.walmart.com/px/PXu6b0qd2S/init.js"},"pulseBeacon":{"enable":true,"hostname":"i5.walmartimages.com","bd":"beacon.walmart.com","bh":"beacon.lightestwithqm.walmart.com","hostWithQM":"beacon.lightestwithqm.walmart.com","hostWithoutQM":"beacon.lightest.walmart.com"},"threatMetrix":{"enable":true},"paymentsPageUrl":"https://wallet.walmart.com/payments?wv=main"},"isFallback":false,"dynamicIds":[20114,51923,20513,18350,71484,7965,69467,86107],"customServer":true,"gip":true,"appGip":true,"locale":"en","locales":["en"],"defaultLocale":"en","scriptLoader":[]}</script><script src="//i5.walmartimages.com/a14/cdn-doms-usgm.js" nonce="TJkImobqdXUp4NaP"></script><script async="async" defer="defer" src="//i5.walmartimages.com/a14/cdn-perf.min.js" nonce="TJkImobqdXUp4NaP"></script><script nonce="TJkImobqdXUp4NaP">window.SW_DOMAIN = "walmart.com"</script><script nonce="TJkImobqdXUp4NaP">(function(e){var t=e.document;BOOMR=e.BOOMR||{};BOOMR.plugins=BOOMR.plugins||{};var n={localStorageTestKey:"TorbitLSTest",pageTags:[],pageConversions:[],initHasRun:false};BOOMR.plugins.pageMeta={init:function(r){initHasRun=true;try{localStorage.setItem(n.localStorageTestKey,n.localStorageTestKey);localStorage.removeItem(n.localStorageTestKey);BOOMR.addVar("ls",1)}catch(i){BOOMR.addVar("ls",0)}if(e.location.protocol=="https:")BOOMR.addVar("prt",1);else BOOMR.addVar("prt",0);BOOMR.addVar("ref",t.referrer);if(e.performance&&e.performance.memory){for(m_name in e.performance.memory){if(e.performance.memory.hasOwnProperty(m_name)){BOOMR.addVar(m_name,e.performance.memory[m_name])}}}BOOMR.addVar("wH",e.innerHeight||t.body.clientHeight||t.documentElement.clientHeight);BOOMR.addVar("tags",n.pageTags.join("|"));return this},addTag:function(e){n.pageTags.push(e);if(!n.initHasRun){return}BOOMR.addVar("tags",n.pageTags.join("|"))},addConversion:function(e,t){var r=e;if(t&&(t>0||t.length>0))r=e+"="+t;n.pageConversions.push(r);BOOMR.addVar("conversion",n.pageConversions.join("|"))},is_complete:function(){return true}}})(window);(function(e){try{e._tbq=e._tbq||[];_tbq.push=function(e){if(e.length<1||!e[0])return;switch(e[0]){case"tag":if(e.length<2)return;BOOMR.plugins.pageMeta.addTag(e[1]);break;case"startTimer":if(e.length<2)return;BOOMR.plugins.customEvents.startTimer(e[1]);break;case"endTimer":if(e.length<2)return;BOOMR.plugins.customEvents.endTimer(e[1]);break}};for(i in _tbq){if(_tbq.hasOwnProperty(i)&&i!="push"){_tbq.push(_tbq[i]);delete _tbq[i]}}}catch(t){}})(window);</script><script nonce="TJkImobqdXUp4NaP">    window.globalPluginDefinitions = window.globalPluginDefinitions || [];
  </script><script nonce="TJkImobqdXUp4NaP">    window.globalWorkerMessages = window.globalWorkerMessages || [];
  </script><script nonce="TJkImobqdXUp4NaP">    window.globalPluginDefinitions.push('https://www.walmart.com/sw-plugins/eperf-optimized-assets-original-url.8b53f51b.js');
  </script><script nonce="TJkImobqdXUp4NaP">    window.globalWorkerMessages.push({
      command: 'SET_PLUGIN_FILTER',
      data: {
        name: 'eperf-optimized-assets-original-url',
        filter: {
      type: "url-host",
      value: "i5.walmartimages.com"
    }      }
    });
  </script><script nonce="TJkImobqdXUp4NaP">    window.globalWorkerMessages.push({
      command: 'SET_PLUGIN_STATE',
      data:{
        name:'eperf-optimized-assets-original-url',
        state:'ENABLED'
      }
    });
  </script><script nonce="TJkImobqdXUp4NaP">window.globalPluginDefinitions = window.globalPluginDefinitions || [];window.globalWorkerMessages = window.globalWorkerMessages || [];window.globalPluginDefinitions.push('https://www.walmart.com/sw-plugins/eperf-optimized-assets-metric.6524ad95.js');window.globalWorkerMessages.push({command: 'SET_PLUGIN_FILTER',data: {name: 'eperf-optimized-assets-metric',filter: {type: "and",value: [{type: "or",value: ["i5.walmartimages.com", "i5.wal.co"].map(function(host) {return { type: "url-host", value: host };})},{ type: "sample", value: 0.01 }]}}});window.globalWorkerMessages.push({command: 'SET_PLUGIN_STATE',data:{name:'eperf-optimized-assets-metric',state:'ENABLED',filter: undefined}});window.globalPluginDefinitions.push('https://www.walmart.com/sw-plugins/eperf-optimization-metrics.a586fd7d.js');window.globalWorkerMessages.push({command: 'SET_PLUGIN_FILTER',data: {name: 'eperf-optimization-metrics',filter: {type: "and",value: [{ type: "url-host", value: "i5.walmartimages.com" },{ type: "sample", value: 0.01 }]}}});window.globalWorkerMessages.push({command: 'SET_PLUGIN_STATE',data:{name:'eperf-optimization-metrics',state:'ENABLED',filter: undefined}});window.globalPluginDefinitions.push('https://www.walmart.com/sw-plugins/ecdn-cdn-perf.6524ad95.js');window.globalWorkerMessages.push({command: 'SET_PLUGIN_FILTER',data: {name: 'ecdn-cdn-perf',filter: {type: "and",value: [{ type: "url-host", value: "i5.walmartimages.com" },{ type: "sample", value: 0.01 }]}}});window.globalWorkerMessages.push({command: 'SET_PLUGIN_STATE',data:{name:'ecdn-cdn-perf',state:'ENABLED',filter: undefined}});window.globalPluginDefinitions.push('https://www.walmart.com/sw-plugins/ecdn-cache-status.fe7aa234.js');window.globalWorkerMessages.push({command: 'SET_PLUGIN_FILTER',data: {name: 'ecdn-cache-status',filter: {type: "and",value: [{ type: "url-host", value: "i5.walmartimages.com" },{ type: "sample", value: 0.01 }]}}});window.globalWorkerMessages.push({command: 'SET_PLUGIN_STATE',data:{name:'ecdn-cache-status',state:'ENABLED',filter: undefined}});window.globalPluginDefinitions.push('https://www.walmart.com/sw-plugins/grocery-pwa.5725d7c8.js');window.globalWorkerMessages.push({command: 'SET_PLUGIN_STATE',data:{name:'grocery-pwa',state:'ENABLED',filter: {type: "url-path",value: new RegExp("^/grocery")}}});</script><script nonce="TJkImobqdXUp4NaP">window.globalPluginDefinitions.push('https://www.walmart.com/sw-plugins/latency-tracker.ff42f3d6.js');window.globalWorkerMessages.push({command: 'SET_PLUGIN_FILTER',data: {name: 'latency-tracker',filter: {type: "and",value: [{ type: "url-host", value: "www.walmart.com" },{type: "or",value: [{type: "and",value: [{ type: "method", value: "GET" },{ type: "sample", value: 0.05 }]},{type: "and",value: [{ type: "method", value: "POST" },{ type: "url-path", value: new RegExp("^/orchestra") }]}]}]}}});window.globalWorkerMessages.push({command: 'SET_PLUGIN_STATE',data:{name:'latency-tracker',state:'ENABLED',filter: undefined}});</script><script nonce="TJkImobqdXUp4NaP">window.globalWorkerMessages = window.globalWorkerMessages || [];var patch = {environment: "prod",publish_sampling_rate: 0.01,navigation_preload: "enabled",status_check_url: "https://t3.wal.co/sw/status",status_check_interval_ms: 300000,min_required_memory_gb: 8};window.SERVICE_WORKER_CONFIGURATION = !!window.SERVICE_WORKER_CONFIGURATION? Object.assign(window.SERVICE_WORKER_CONFIGURATION, patch): patch;window.globalWorkerMessages.push({command: 'SET_GLOBAL_FILTER',data: {filter: {type: "or",value: [{ type: "url-host", value: "i5.walmartimages.com" },{ type: "url-host", value: "i5.wal.co" },{ type: "url-host", value: "www.walmart.com" },{type: "and",value: [{ type: "referrer-path", value: new RegExp("^/grocery") },{ type: "url-path", value: new RegExp("^/grocery") }]}]}}});</script><script async="async" defer="defer" src="/sw-register.js" nonce="TJkImobqdXUp4NaP"></script><script nonce="TJkImobqdXUp4NaP">window._pxAppId = 'PXu6b0qd2S'</script><script async="async" defer="defer" src="/px/PXu6b0qd2S/init.js" nonce="TJkImobqdXUp4NaP"></script></body></html>