<!DOCTYPE html><html lang="en"><head nonce="FrApt2lBPh3x8Vnc"><link href="//dis.criteo.com" rel="dns-prefetch"/><link href="//ib.adnxs.com" rel="dns-prefetch"/><link href="//secure-assets.rubiconproject.com" rel="dns-prefetch"/><link href="//beam.hlserve.com" rel="dns-prefetch"/><link href="//pubads.g.doubleclick.net" rel="dns-prefetch"/><link href="//omniture-ssl.walmart.com" rel="dns-prefetch"/><link href="//omniture.walmart.com" rel="dns-prefetch"/><link href="//p.typekit.net" rel="dns-prefetch"/><link href="//pagead2.googlesyndication.com" rel="dns-prefetch"/><link href="//partner.googleadservices.com" rel="dns-prefetch"/><link href="//tpc.googlesyndication.com" rel="dns-prefetch"/><link href="//beacon.walmart.com" rel="dns-prefetch"/><link href="//b.wal.co" rel="dns-prefetch"/><link href="//i5.walmartimages.com" rel="dns-prefetch"/><meta name="viewport" content="width=device-width"/><meta charset="utf-8"/><meta property="fb:app_id" content="105223049547814"/><link rel="preload" crossorigin="anonymous" href="https://i5.walmartimages.com/dfw/63fd9f59-a78c/fcfae9b6-2f69-4f89-beed-f0eeb4237946/v1/BogleWeb_subset-Bold.woff2" as="font" type="font/woff2"/><link rel="preload" crossorigin="anonymous" href="https://i5.walmartimages.com/dfw/63fd9f59-a78c/fcfae9b6-2f69-4f89-beed-f0eeb4237946/v1/BogleWeb_subset-Regular.woff2" as="font" type="font/woff2"/><script defer="" src="https://www.walmart.com/px/PXu6b0qd2S/init.js" nonce="FrApt2lBPh3x8Vnc"></script><script nonce="FrApt2lBPh3x8Vnc">var _bcq = _bcq || [];_bcq.push(['_setOptions', { start_time: (new Date()).getTime(), bd: 'beacon.walmart.com', bh: 'beacon.lightestwithqm.walmart.com', sv: '1.0.59' }]);</script><script async="" nonce="FrApt2lBPh3x8Vnc" src="//i5.walmartimages.com/beacon/beacon.js?bd=beacon.walmart.com&amp;bh=beacon.lightestwithqm.walmart.com"></script><link rel="preload" as="image" href="//i5.walmartimages.com/dfw/63fd9f59-b3e1/7a569e53-f29a-4c3d-bfaf-6f7a158bfadd/v1/walmartLogo.svg"/><title>mac and cheese - Walmart.com</title><meta property="og:title" content="mac and cheese - Walmart.com"/><meta name="description" property="og:description" content="mac and cheese - Walmart.com"/><meta property="og:image" content="https://i5.walmartimages.com/asr/e8ddd10b-ebca-4715-9509-64613f1c35a9.f7e98e930262891f2939b285568df87c.jpeg?odnHeight=180&amp;odnWidth=180&amp;odnBg=ffffff"/><meta name="next-head-count" content="13"/><link nonce="FrApt2lBPh3x8Vnc" rel="preload" href="https://i5.walmartimages.com/dfw/63fd9f59-7f10/f39d4daf-be64-4c7a-b470-b7275856c4da/v2/_next/static/css/a6cad371ba458043f84b.css" as="style"/><link nonce="FrApt2lBPh3x8Vnc" rel="stylesheet" href="https://i5.walmartimages.com/dfw/63fd9f59-7f10/f39d4daf-be64-4c7a-b470-b7275856c4da/v2/_next/static/css/a6cad371ba458043f84b.css" data-n-g=""/><noscript data-n-css="FrApt2lBPh3x8Vnc"></noscript><script defer="" nonce="FrApt2lBPh3x8Vnc" nomodule="" src="https://i5.walmartimages.com/dfw/63fd9f59-7f10/f39d4daf-be64-4c7a-b470-b7275856c4da/v2/_next/static/chunks/polyfills-4a4cd472cd681630e092.js"></script><script defer="" src="https://i5.walmartimages.com/dfw/63fd9f59-7f10/f39d4daf-be64-4c7a-b470-b7275856c4da/v2/_next/static/chunks/114.8a9393ce6f514d1111d4.js" nonce="FrApt2lBPh3x8Vnc"></script><script defer="" src="https://i5.walmartimages.com/dfw/63fd9f59-7f10/f39d4daf-be64-4c7a-b470-b7275856c4da/v2/_next/static/chunks/5404.c7311845d9a2d5f4eca4.js" nonce="FrApt2lBPh3x8Vnc"></script><script defer="" src="https://i5.walmartimages.com/dfw/63fd9f59-7f10/f39d4daf-be64-4c7a-b470-b7275856c4da/v2/_next/static/chunks/345.e836dcb95cf580f4c8b6.js" nonce="FrApt2lBPh3x8Vnc"></script><script defer="" src="https://i5.walmartimages.com/dfw/63fd9f59-7f10/f39d4daf-be64-4c7a-b470-b7275856c4da/v2/_next/static/chunks/1923.60c59f27ac123974a5a3.js" nonce="FrApt2lBPh3x8Vnc"></script><script defer="" src="https://i5.walmartimages.com/dfw/63fd9f59-7f10/f39d4daf-be64-4c7a-b470-b7275856c4da/v2/_next/static/chunks/513.e2c279cac08a255e6196.js" nonce="FrApt2lBPh3x8Vnc"></script><script defer="" src="https://i5.walmartimages.com/dfw/63fd9f59-7f10/f39d4daf-be64-4c7a-b470-b7275856c4da/v2/_next/static/chunks/5850.a0d738b891bae7f7a90b.js" nonce="FrApt2lBPh3x8Vnc"></script><script defer="" src="https://i5.walmartimages.com/dfw/63fd9f59-7f10/f39d4daf-be64-4c7a-b470-b7275856c4da/v2/_next/static/chunks/4940.0702e551222c7f7a35eb.js" nonce="FrApt2lBPh3x8Vnc"></script><script defer="" src="https://i5.walmartimages.com/dfw/63fd9f59-7f10/f39d4daf-be64-4c7a-b470-b7275856c4da/v2/_next/static/chunks/8350.a525c7be02eb14119f5a.js" nonce="FrApt2lBPh3x8Vnc"></script><script defer="" src="https://i5.walmartimages.com/dfw/63fd9f59-7f10/f39d4daf-be64-4c7a-b470-b7275856c4da/v2/_next/static/chunks/1484.e3415b8c02e1209834b2.js" nonce="FrApt2lBPh3x8Vnc"></script><script defer="" src="https://i5.walmartimages.com/dfw/63fd9f59-7f10/f39d4daf-be64-4c7a-b470-b7275856c4da/v2/_next/static/chunks/7965.c2687eb683134bd56abb.js" nonce="FrApt2lBPh3x8Vnc"></script><script defer="" src="https://i5.walmartimages.com/dfw/63fd9f59-7f10/f39d4daf-be64-4c7a-b470-b7275856c4da/v2/_next/static/chunks/1903-8c69837eddb17e0f0163.js" nonce="FrApt2lBPh3x8Vnc"></script><script defer="" src="https://i5.walmartimages.com/dfw/63fd9f59-7f10/f39d4daf-be64-4c7a-b470-b7275856c4da/v2/_next/static/chunks/861.4ef8a61d1d5ca854f61c.js" nonce="FrApt2lBPh3x8Vnc"></script><script defer="" src="https://i5.walmartimages.com/dfw/63fd9f59-7f10/f39d4daf-be64-4c7a-b470-b7275856c4da/v2/_next/static/chunks/6107.769f43df21235b30b777.js" nonce="FrApt2lBPh3x8Vnc"></script><script defer="" src="https://i5.walmartimages.com/dfw/63fd9f59-7f10/f39d4daf-be64-4c7a-b470-b7275856c4da/v2/_next/static/chunks/6559.7298e4d28b5bf0d675a0.js" nonce="FrApt2lBPh3x8Vnc"></script><script src="https://i5.walmartimages.com/dfw/63fd9f59-7f10/f39d4daf-be64-4c7a-b470-b7275856c4da/v2/_next/static/chunks/webpack-2546359339992df33c5d.js" nonce="FrApt2lBPh3x8Vnc" defer=""></script><script src="https://i5.walmartimages.com/dfw/63fd9f59-7f10/f39d4daf-be64-4c7a-b470-b7275856c4da/v2/_next/static/chunks/main-d4882edf5cbeb331f61e.js" nonce="FrApt2lBPh3x8Vnc" defer=""></script><script src="https://i5.walmartimages.com/dfw/63fd9f59-7f10/f39d4daf-be64-4c7a-b470-b7275856c4da/v2/_next/static/chunks/pages/_app-f9edd3495969c1e52d37.js" nonce="FrApt2lBPh3x8Vnc" defer=""></script><script src="https://i5.walmartimages.com/dfw/63fd9f59-7f10/f39d4daf-be64-4c7a-b470-b7275856c4da/v2/_next/static/chunks/329-caa8803105e2b7a44bcc.js" nonce="FrApt2lBPh3x8Vnc" defer=""></script><script src="https://i5.walmartimages.com/dfw/63fd9f59-7f10/f39d4daf-be64-4c7a-b470-b7275856c4da/v2/_next/static/chunks/2121-c11ad5a65b46e65e1de7.js" nonce="FrApt2lBPh3x8Vnc" defer=""></script><script src="https://i5.walmartimages.com/dfw/63fd9f59-7f10/f39d4daf-be64-4c7a-b470-b7275856c4da/v2/_next/static/chunks/9315-6acf961cd8745b415fc7.js" nonce="FrApt2lBPh3x8Vnc" defer=""></script><script src="https://i5.walmartimages.com/dfw/63fd9f59-7f10/f39d4daf-be64-4c7a-b470-b7275856c4da/v2/_next/static/chunks/8378-2033cda9a963a50bfaa9.js" nonce="FrApt2lBPh3x8Vnc" defer=""></script><script src="https://i5.walmartimages.com/dfw/63fd9f59-7f10/f39d4daf-be64-4c7a-b470-b7275856c4da/v2/_next/static/chunks/7124-2b7854e70e859a5e16b0.js" nonce="FrApt2lBPh3x8Vnc" defer=""></script><script src="https://i5.walmartimages.com/dfw/63fd9f59-7f10/f39d4daf-be64-4c7a-b470-b7275856c4da/v2/_next/static/chunks/8340-16e7cfaa8392bc349d0f.js" nonce="FrApt2lBPh3x8Vnc" defer=""></script><script src="https://i5.walmartimages.com/dfw/63fd9f59-7f10/f39d4daf-be64-4c7a-b470-b7275856c4da/v2/_next/static/chunks/4580-3634e1f9b5b84bece6cc.js" nonce="FrApt2lBPh3x8Vnc" defer=""></script><script src="https://i5.walmartimages.com/dfw/63fd9f59-7f10/f39d4daf-be64-4c7a-b470-b7275856c4da/v2/_next/static/chunks/9402-5ee4199130f2d062cc32.js" nonce="FrApt2lBPh3x8Vnc" defer=""></script><script src="https://i5.walmartimages.com/dfw/63fd9f59-7f10/f39d4daf-be64-4c7a-b470-b7275856c4da/v2/_next/static/chunks/pages/search-caf1428ce2ab87422e4e.js" nonce="FrApt2lBPh3x8Vnc" defer=""></script><script src="https://i5.walmartimages.com/dfw/63fd9f59-7f10/f39d4daf-be64-4c7a-b470-b7275856c4da/v2/_next/static/production_20211006T193458787Z/_buildManifest.js" nonce="FrApt2lBPh3x8Vnc" defer=""></script><script src="https://i5.walmartimages.com/dfw/63fd9f59-7f10/f39d4daf-be64-4c7a-b470-b7275856c4da/v2/_next/static/production_20211006T193458787Z/_ssgManifest.js" nonce="FrApt2lBPh3x8Vnc" defer=""></script><script nonce="FrApt2lBPh3x8Vnc">var TBRewriteHostAltWeight = 10.000000;</script><script async="async" defer="defer" src="//i5.walmartimages.com/a14/capabilities.min.js" nonce="FrApt2lBPh3x8Vnc"></script></head><body><div id="__next"><div class=""><div data-testid="layout-container" class="flex flex-column min-vh-100 shadow-2" style="transform:none;transition:transform .2s"><span><a link-identifier="Generic Name" href="#maincontent" class="slider left-0 top-0 fixed bg-white-90">Skip to Main Content</a><header class="bg-blue fixed w-100 z-1 top-0"><div class="center flex items-center justify-center pa4"><a link-identifier="walmartLogo" aria-label="Walmart Homepage" class="flex-none mr3" href="/"><img loading="lazy" alt="Walmart" class="db" height="32" src="//i5.walmartimages.com/dfw/63fd9f59-b3e1/7a569e53-f29a-4c3d-bfaf-6f7a158bfadd/v1/walmartLogo.svg" width="130"/></a><div class="relative"><button type="button" class="flex items-center no-underline ph3 white desktop-header-trigger lh-title b pointer ba b--transparent bg-transparent sans-serif" style="border-radius:100px;height:40px;transition:all 100ms cubic-bezier(0.77, 0, 0.175, 1)" aria-haspopup="true" aria-expanded="false"><i class="ld ld-Grid mr2" style="font-size:1rem;vertical-align:-0.175em" aria-hidden="true"></i>Departments</button><div class="absolute bg-white br3 br--bottom left-0 lh-copy mt4 overflow-hidden shadow-1 dn" data-testid="departments-flyout" style="left:50%;transform:none;margin-left:-135px;max-height:0"><div class="flex"><div class="f6 overflow-auto" style="width:246px;max-height:0;height:100%"><ul class="list ma0 pa0 pb3 pt4"></ul></div></div></div></div><div class="relative"><button type="button" class="flex items-center no-underline ph3 white desktop-header-trigger lh-title b pointer ba b--transparent bg-transparent sans-serif" style="border-radius:100px;height:40px;transition:all 100ms cubic-bezier(0.77, 0, 0.175, 1)" aria-haspopup="true" aria-expanded="false"><i class="ld ld-Services mr2" style="font-size:1rem;vertical-align:-0.175em" aria-hidden="true"></i>Services</button><div class="absolute bg-white br3 br--bottom left-0 lh-copy mt4 overflow-hidden shadow-1 dn" data-testid="services-flyout" style="left:50%;transform:none;margin-left:-135px;max-height:0"><div class="flex"><div class="f6 overflow-auto" style="width:246px;max-height:0;height:100%"><ul class="list ma0 pa0 pb3 pt4"></ul></div></div></div></div><form action="/search" autocomplete="off" class="flex-auto ml3" role="search"><div class="flex flex-auto items-center relative"><input type="search" aria-label="Search" aria-activedescendant="" class="b--none f5 flex-auto lh-solid sans-serif br-pill" name="q" placeholder="Search everything at Walmart online and in store" style="height:40px;padding-left:1rem;padding-right:1rem" value="mac and cheese"/><button aria-label="Search icon" class="absolute bn br-100 bg-gold h3 w3" style="right:0.25rem"><i class="ld ld-Search absolute" style="font-size:1rem;vertical-align:-0.175em;top:50%;left:50%;transform:translate(-50%, -50%)" aria-hidden="true"></i></button></div></form><div class="ml3 relative"><a link-identifier="Reorder my items" class="flex items-center no-underline ph3 white desktop-header-trigger lh-title lh-solid" style="border-radius:100px;height:40px;transition:all 100ms cubic-bezier(0.77, 0, 0.175, 1)" aria-haspopup="true" aria-expanded="false" href="/my-items"><i class="ld ld-Reorder" style="font-size:1rem;vertical-align:-0.175em" aria-hidden="true"></i><div class="ml2 nowrap"><div class="f7 lh-title">Reorder</div><div class="b">My Items</div></div></a><div class="absolute bg-white br3 br--bottom left-0 lh-copy mt4 overflow-hidden shadow-1 dn" data-testid="my-items-flyout" style="left:50%;transform:translateX(-50%)"><div class="ph4 pt4 pb2"><a link-identifier="Reorder" class="dark-gray db f6 no-underline nowrap desktop-header-flyout-link mb3" href="/my-items"><i class="ld ld-Reorder mr2" style="font-size:1rem;vertical-align:-0.175em"></i>Reorder</a><a link-identifier="Lists" class="dark-gray db f6 no-underline nowrap desktop-header-flyout-link mb3" href="/lists"><i class="ld ld-List mr2" style="font-size:1rem;vertical-align:-0.175em"></i>Lists</a><a link-identifier="Registries" class="dark-gray db f6 no-underline nowrap desktop-header-flyout-link mb3" href="/my-registries"><i class="ld ld-Gift mr2" style="font-size:1rem;vertical-align:-0.175em"></i>Registries</a></div></div></div><div class="relative"><a link-identifier="Account" class="flex items-center no-underline ph3 white desktop-header-trigger lh-title lh-solid" style="border-radius:100px;height:40px;transition:all 100ms cubic-bezier(0.77, 0, 0.175, 1)" aria-haspopup="true" aria-expanded="false" href="/account/login?vid=oaoh"><i class="ld ld-User" style="font-size:1rem;vertical-align:-0.175em" aria-hidden="true"></i><div class="ml2 nowrap"><div class="f7 mw3 mw4-xl lh-title truncate">Sign In</div><div class="b">Account</div></div></a><div class="absolute bg-white br3 br--bottom left-0 lh-copy mt4 overflow-hidden shadow-1 dn" data-testid="account-flyout" style="left:50%;transform:translateX(-50%)"><div class="pa4"><button class="w_AH w_AJ w_AN db mb3 w-100" type="button">Sign in</button><a link-identifier="Create an account" class="no-underline" href="/account/signup?vid=oaoh"><button class="w_AH w_AK w_AN db mb3 w-100" type="button" tabindex="-1">Create an account</button></a><hr aria-hidden="true" class="w_CY mb3"/><a link-identifier="Purchase History" class="dark-gray db f6 no-underline nowrap desktop-header-flyout-link" href="/orders"><i class="ld ld-Receipt mr2" style="font-size:1rem;vertical-align:-0.175em"></i>Purchase History</a></div></div></div><div class="ml3" style="width:40px"><button type="button" aria-label="Cart contains 0 items" class="bn bg-transparent br2 db flex flex-column items-center pa0 pointer relative sans-serif white"><i class="ld ld-Cart white" style="font-size:1.5rem;vertical-align:-0.25em"></i><span class="w_1 w_9 w_7 absolute right-0 top-0" style="transform:translate(50%, -50%)">0</span><span class="db" style="font-size:.625rem">$0.00</span></button></div></div></header></span><div class="flex flex-column flex-auto relative z-0" aria-hidden="false" style="padding-top:88px"><div class="flex-auto relative z-1"><section data-testid="location-banner" class="bg-dark-blue white pv1"><div class="center items-center flex flex-auto ph3 ph4-m overflow-hidden" style="line-height:2"><button class="w_AH w_AL w_AN white hover-white pa0 no-underline" type="button" name="select-store-button" tabindex="0"><i class="ld ld-Store mr2" style="font-size:1rem;vertical-align:-0.175em"></i><span class="f7 f6-m underline pointer">San Antonio Supercenter</span></button><span class="mh2">|</span><button class="w_AH w_AL w_AN white hover-white pa0 no-underline truncate" type="button" name="select-location-button" tabindex="0"><i class="ld ld-Location mr2" style="font-size:1rem;vertical-align:-0.175em"></i><span class="f7 f6-m underline pointer truncate">San Antonio, 78242</span></button></div></section><div class="center" style="max-width:1280px"><main data-sis-url="http://search-interface.walmart.net/v1/search?query=mac%20and%20cheese&amp;facet=fulfillment_method%3AIn-store&amp;stores=999&amp;cat_id=&amp;sort=best_match&amp;page=4&amp;min_price=&amp;max_price=&amp;spelling=true&amp;ptss=&amp;trsp=&amp;prg=desktop&amp;affinityOverride=store_led&amp;storeSlotBooked=&amp;stateOrProvinceCode=TX&amp;ps=40&amp;zipcode=78242&amp;recall_set=&amp;inCatchment=true&amp;latitude=29.3531&amp;longitude=-98.614&amp;extended_zipcode=78242&amp;addressId=" class="overflow-hidden"><div data-testid="flex-container" class="flex flex-column h-100"><div class="h-100 relative"><div data-testid="flex-container" class="flex flex-column h-100"><div class="h-100 relative"><div class="mh4-xl mh3-m" data-testid="skyline"><iframe class="w-100 v-mid bw0 skeleton-bone br4" height="54" title="Walmart Advertisement"></iframe></div><span><span data-module-data="{&#34;__typename&#34;:&#34;TempoWM_GLASSWWWBrandAmplifierAdConfigs&#34;,&#34;_rawConfigs&#34;:{&#34;moduleLocation&#34;:&#34;top&#34;},&#34;moduleLocation&#34;:&#34;top&#34;,&#34;ad&#34;:{&#34;status&#34;:&#34;SUCCESS&#34;,&#34;moduleType&#34;:&#34;BrandAmplifierAd&#34;,&#34;platform&#34;:&#34;DESKTOP&#34;,&#34;pageId&#34;:&#34;mac and cheese&#34;,&#34;pageType&#34;:&#34;SEARCH&#34;,&#34;storeId&#34;:&#34;999&#34;,&#34;stateCode&#34;:&#34;TX&#34;,&#34;zipCode&#34;:&#34;78242&#34;,&#34;pageContext&#34;:{&#34;searchNormalize&#34;:{&#34;normalized_query&#34;:&#34;macaroni and cheese&#34;,&#34;original_query&#34;:&#34;mac and cheese&#34;,&#34;rewritten_query&#34;:&#34;macaroni and cheese&#34;,&#34;specificity&#34;:&#34;broad&#34;,&#34;top_query_cat_path&#34;:&#34;/976759/976794/5614446/6189969&#34;,&#34;top_query_cat_path_name&#34;:&#34;/Food/Pantry/Boxed Meals &amp; Side Dishes/Macaroni &amp; Cheese&#34;,&#34;analytics_log&#34;:{&#34;fe_log&#34;:{&#34;dept&#34;:&#34;/976759/976794/5614446/6189969&#34;,&#34;g&#34;:&#34;S&#34;,&#34;s&#34;:&#34;b&#34;,&#34;trf&#34;:&#34;ht&#34;}}}},&#34;moduleConfigs&#34;:{&#34;moduleLocation&#34;:&#34;top&#34;},&#34;adsContext&#34;:{&#34;locationContext&#34;:{&#34;zipCode&#34;:&#34;78242&#34;,&#34;stateCode&#34;:&#34;TX&#34;,&#34;storeId&#34;:&#34;999&#34;,&#34;pickupStore&#34;:null,&#34;deliveryStore&#34;:null,&#34;intent&#34;:null,&#34;incatchment&#34;:true},&#34;itemId&#34;:&#34;&#34;,&#34;categoryId&#34;:&#34;976759_976794_5614446_6189969&#34;,&#34;categoryName&#34;:&#34;Food/Pantry/Boxed Meals &amp; Side Dishes/Macaroni &amp; Cheese&#34;,&#34;brand&#34;:&#34;&#34;,&#34;productName&#34;:&#34;&#34;,&#34;productTypeId&#34;:&#34;&#34;,&#34;normKeyword&#34;:&#34;macaroni and cheese&#34;,&#34;verticalId&#34;:&#34;&#34;,&#34;dedupeList&#34;:[&#34;&#34;]},&#34;adRequestComposite&#34;:{&#34;isDebug&#34;:false,&#34;isManualShelf&#34;:false,&#34;keyword&#34;:&#34;macaroni and cheese&#34;},&#34;adContent&#34;:{&#34;type&#34;:&#34;SPONSORED_PRODUCTS&#34;,&#34;data&#34;:{&#34;__typename&#34;:&#34;SponsoredBrands&#34;,&#34;adUuid&#34;:&#34;88d2cd1b-03e1-4d95-bc48-a5a1166b0a48&#34;,&#34;adExpInfo&#34;:null,&#34;moduleInfo&#34;:&#34;{\&#34;adExpId\&#34;:\&#34;\&#34;,\&#34;bucketId\&#34;:\&#34;2243\&#34;}&#34;,&#34;brands&#34;:[]}}}}"></span></span><section><section aria-label="Sort and Filter section" class="w-100 flex flex-shrink-0 hidesb hidesb-wk pl3 ph4-xl pv3 relative z-max overflow-x-auto"><div class="flex flex-row flex-shrink-0 items-center br-pill bn bg-black near-white mr2"><button type="button" class="f6 pv2 br-pill bn sans-serif flex bg-black near-white pointer" aria-label="All filters (1) , filter applied"><i class="ld ld-Filter ph2" style="font-size:1rem;vertical-align:-0.175em" aria-hidden="true" data-testid="Filter-icon"></i><span class="flex pointer pr3" aria-hidden="true">All filters (1)</span></button></div><div aria-hidden="true" class="br b--near-white h-inherit mr2"></div><div class="flex flex-row flex-shrink-0 items-center br-pill bn bg-black near-white mr2"><button type="button" class="f6 pv2 br-pill bn sans-serif flex bg-black near-white pointer" aria-label="In-store , filter applied"><i class="ld ld-Store ph2" style="font-size:1rem;vertical-align:-0.175em" aria-hidden="true" data-testid="Store-icon"></i><span class="flex pointer pr3" aria-hidden="true">In-store</span></button></div><div class="flex flex-row flex-shrink-0 items-center br-pill bn bg-near-white mr2"><span class="w_F w_J" style="display:inline"><button type="button" class="f6 pv2 br-pill bn sans-serif flex bg-near-white pointer" aria-label="Pickup &amp; shipping "><span class="flex pointer pl3" aria-hidden="true">Pickup &amp; shipping</span><i class="ld ld-ChevronDown mh2" style="font-size:1rem;vertical-align:-0.175em"></i></button></span></div><div class="flex flex-row flex-shrink-0 items-center br-pill bn bg-near-white mr2"><button type="button" class="f6 pv2 br-pill bn sans-serif flex bg-near-white pointer" aria-label="Price "><i class="ld ld-MoneyCircle ph2" style="font-size:1rem;vertical-align:-0.175em" aria-hidden="true" data-testid="MoneyCircle-icon"></i><span class="flex pointer" aria-hidden="true">Price</span><i class="ld ld-ChevronDown mh2" style="font-size:1rem;vertical-align:-0.175em"></i></button></div><div class="flex flex-row flex-shrink-0 items-center br-pill bn bg-near-white mr2"><button type="button" class="f6 pv2 br-pill bn sans-serif flex bg-near-white pointer" aria-label="Brand "><span class="flex pointer pl3" aria-hidden="true">Brand</span><i class="ld ld-ChevronDown mh2" style="font-size:1rem;vertical-align:-0.175em"></i></button></div><div class="flex flex-row flex-shrink-0 items-center br-pill bn bg-near-white mr2"><button type="button" class="f6 pv2 br-pill bn sans-serif flex bg-near-white pointer" aria-label="Departments "><span class="flex pointer pl3" aria-hidden="true">Departments</span><i class="ld ld-ChevronDown mh2" style="font-size:1rem;vertical-align:-0.175em"></i></button></div><div class="flex flex-row flex-shrink-0 items-center br-pill bn bg-near-white mr2"><button type="button" class="f6 pv2 br-pill bn sans-serif flex bg-near-white pointer" aria-label="Speed "><i class="ld ld-Clock ph2" style="font-size:1rem;vertical-align:-0.175em" aria-hidden="true" data-testid="Clock-icon"></i><span class="flex pointer" aria-hidden="true">Speed</span><i class="ld ld-ChevronDown mh2" style="font-size:1rem;vertical-align:-0.175em"></i></button></div><button class="flex-shrink-0 f6 bg-white bn ph2 pv0 pointer sans-serif underline">Clear all</button><div class="dark-gray flex flex-row items-center ml-auto flex-shrink-0"><span class="b mh2">Sort by</span>|<button type="button" class="bw0 bg-white sans-serif pointer pa1" aria-label="Sort by Best Match" aria-expanded="false" aria-haspopup="true">Best Match<i class="ld ld-ChevronDown pa0 ml6" style="font-size:1rem;vertical-align:-0.175em" arial-hiden="true" role="img"></i></button></div></section></section><hr aria-hidden="true" class="w_CY"/><section class="pv3" aria-label="Quick refinements"><div class="flex flex-column justify-center relative"><ul style="display:flex;grid-auto-flow:column;scroll-snap-type:x mandatory;max-height:fit-content" class="list ma0 pl0 overflow-x-scroll hidesb hidesb-wk relative overflow-y-hidden pl3 spl3 pl4-xl" data-testid="carousel-container"><li class="flex flex-column items-center " data-slide="0"><button class="w_CZ w_Cc mr2" type="button" role="link">Kraft Macaroni and Cheese</button></li><li class="flex flex-column items-center " data-slide="1"><button class="w_CZ w_Cc mr2" type="button" role="link">Annie&#39;s Mac &amp; cheese</button></li><li class="flex flex-column items-center " data-slide="2"><button class="w_CZ w_Cc mr2" type="button" role="link">Velveeta Mac &amp; Cheese</button></li><li class="flex flex-column items-center " data-slide="3"><button class="w_CZ w_Cc mr2" type="button" role="link">Cheetos Mac &amp; Cheese</button></li><li class="flex flex-column items-center " data-slide="4"><button class="w_CZ w_Cc mr2" type="button" role="link">Cup Macaroni and Cheese</button></li><li class="flex flex-column items-center " data-slide="5"><button class="w_CZ w_Cc mr2 mr4-xl" type="button" role="link">Frozen Macaroni &amp; Cheese</button></li><li class="carousel-right-gap db" aria-hidden="true"></li></ul><button aria-hidden="true" tabindex="-1" class="absolute dn z-999 bg-white br-100 pa0 pointer ba db-l br-100 ba b--black nav-control right-1 db"><i class="ld ld-ChevronRight" style="font-size:1.5rem;vertical-align:-0.25em;padding:12px"></i></button><button aria-hidden="true" tabindex="-1" class="absolute dn z-999 bg-white br-100 pa0 pointer ba br-100 ba b--black nav-control left-1"><i class="ld ld-ChevronLeft" style="font-size:1.5rem;vertical-align:-0.25em;padding:12px"></i></button><div class="dn"></div></div><div class="dn"><a link-identifier="Generic Name">Kraft Macaroni and Cheese</a><a link-identifier="Generic Name">Annie&#39;s Mac &amp; cheese</a><a link-identifier="Generic Name">Velveeta Mac &amp; Cheese</a><a link-identifier="Generic Name">Cheetos Mac &amp; Cheese</a><a link-identifier="Generic Name">Cup Macaroni and Cheese</a><a link-identifier="Generic Name">Frozen Macaroni &amp; Cheese</a></div></section><hr aria-hidden="true" class="w_CY"/></div></div></div><div class="h-100 relative"><div data-testid="flex-container" class="flex flex-column h-100"><div class="h-100 relative"><div data-stack-index="0" class="flex flex-column justify-center"><section><div class="flex flex-wrap w-100 flex-grow-0 flex-shrink-0 ph2 pr0-xl pl4-xl mt0-xl mt3"><div class="mb1 ph1 pa0-xl bb b--near-white w-25"><div class="h-100 pb1-xl pr4-xl pv1 ph1" style="content-visibility:auto;contain-intrinsic-size:198px 340px"><div data-item-id="2M82DM54OS8Y" class="sans-serif mid-gray relative flex flex-column w-100 "><a link-identifier="464604554" class="absolute w-100 h-100 z-1" href="/ip/Daiya-Vegan-Gluten-Free-Cheese-Herbs-Macaroni-Cheese-10-6-Oz/464604554?fulfillmentIntent=In-store"><span class="w_DY">Daiya Vegan, Gluten-Free Cheese, Herbs Macaroni &amp; Cheese, 10.6 Oz<!-- --> </span></a><div class="" data-testid="list-view"><div class=""><div class="h2 relative mb2"></div><div class="relative"><div class="relative overflow-hidden" style="max-width:290px;height:0;padding-bottom:min(290px, 100%);align-self:center;width:min(290px, 100%)"><img loading="eager" srcset="https://i5.walmartimages.com/asr/e8ddd10b-ebca-4715-9509-64613f1c35a9.f7e98e930262891f2939b285568df87c.jpeg?odnHeight=290&amp;odnWidth=290&amp;odnBg=FFFFFF 1x, https://i5.walmartimages.com/asr/e8ddd10b-ebca-4715-9509-64613f1c35a9.f7e98e930262891f2939b285568df87c.jpeg?odnHeight=580&amp;odnWidth=580&amp;odnBg=FFFFFF 2x" width="" height="" class="absolute top-0 left-0" data-testid="productTileImage" alt="" src="https://i5.walmartimages.com/asr/e8ddd10b-ebca-4715-9509-64613f1c35a9.f7e98e930262891f2939b285568df87c.jpeg?odnHeight=580&amp;odnWidth=580&amp;odnBg=FFFFFF"/></div><div class="absolute z-2 bottom--1"><button class="w_AH w_AJ w_AO pointer bn bg-blue hover-bg-dark-blue white sans-serif b w-auto ph2 flex items-center justify-center shadow-1" type="button" aria-label="Add to cart - Daiya Vegan, Gluten-Free Cheese, Herbs Macaroni &amp; Cheese, 10.6 Oz"><i class="ld ld-Plus" style="font-size:1.5rem;vertical-align:-0.25em" title="add to cart"></i><span class="mr2">Add</span></button></div></div><div class="mt5 mb1" style="height:24px" data-testid="variant-2M82DM54OS8Y"></div></div><div class=""><div class="flex flex-wrap justify-start items-center lh-title mb2 mb1-m"><div class="b black f5 mr1 mr2-xl lh-copy f4-l" aria-hidden="true">$3.97</div><span class="w_DY">current price $3.97</span><div class="f7 f6-l strike gray mr3" aria-hidden="true">$65.91</div><span class="w_DY">was $65.91</span><div class="f7 f6-l gray mr1">37.5 ¢/oz</div></div><span class="w_Bd" style="-webkit-line-clamp:3;padding-bottom:0em;margin-bottom:-0em"><span class="f6 f5-l normal dark-gray mb0 mt1 lh-title">Daiya Vegan, Gluten-Free Cheese, Herbs Macaroni &amp; Cheese, 10.6 Oz</span></span><div class="mv2 flex items-center"><div class="f7 mr1 blue b lh-copy">Save with</div><img loading="lazy" class="pr2 flex" src="//i5.walmartimages.com/dfw/63fd9f59-ac39/29c6759d-7f14-49fa-bd3a-b870eb4fb8fb/v1/wplus-icon-blue.svg" alt="Walmart Plus" height="20" width="20"/></div><div class="mt2 mb2"><span class="w_A w_C w_B mr1 mt1 ph1">Pickup</span><span class="w_A w_C w_B mr1 mt1 ph1">Delivery</span><span class="w_A w_C w_B mr1 mt1 ph1">2-day shipping</span></div><div class="flex flex-wrap justify-start items-center mt2"><span class="gray f6">In stock</span><span style="width:1px;height:14px;margin:3px 5px 3px 7px;background-color:#74767c"></span><i class="ld ld-Location mt1 mb1" style="font-size:1rem;vertical-align:-0.175em"></i><span class="f6">A16</span></div></div></div></div></div></div><div class="mb1 ph1 pa0-xl bb b--near-white w-25"><div class="h-100 pb1-xl pr4-xl pv1 ph1" style="content-visibility:auto;contain-intrinsic-size:198px 340px"><div data-item-id="1Y3MH9DHZ5CK" class="sans-serif mid-gray relative flex flex-column w-100 "><a link-identifier="47502363" class="absolute w-100 h-100 z-1" href="/ip/Amy-s-Frozen-Bowls-Chili-Mac-Gluten-Free-9-Ounce/47502363?fulfillmentIntent=In-store"><span class="w_DY">Amy&#39;s Frozen Bowls, Chili Mac, Gluten Free, 9-Ounce<!-- --> </span></a><div class="" data-testid="list-view"><div class=""><div class="h2 relative mb2"></div><div class="relative"><div class="relative overflow-hidden" style="max-width:290px;height:0;padding-bottom:min(290px, 100%);align-self:center;width:min(290px, 100%)"><img loading="eager" srcset="https://i5.walmartimages.com/asr/b28ca673-4f2f-41a0-870b-116e48dd32ea.1ad4565e11b641a4a340b55dd937cc74.png?odnHeight=290&amp;odnWidth=290&amp;odnBg=FFFFFF 1x, https://i5.walmartimages.com/asr/b28ca673-4f2f-41a0-870b-116e48dd32ea.1ad4565e11b641a4a340b55dd937cc74.png?odnHeight=580&amp;odnWidth=580&amp;odnBg=FFFFFF 2x" width="" height="" class="absolute top-0 left-0" data-testid="productTileImage" alt="" src="https://i5.walmartimages.com/asr/b28ca673-4f2f-41a0-870b-116e48dd32ea.1ad4565e11b641a4a340b55dd937cc74.png?odnHeight=580&amp;odnWidth=580&amp;odnBg=FFFFFF"/></div><div class="absolute z-2 bottom--1"><button class="w_AH w_AJ w_AO pointer bn bg-blue hover-bg-dark-blue white sans-serif b w-auto ph2 flex items-center justify-center shadow-1" type="button" aria-label="Add to cart - Amy&#39;s Frozen Bowls, Chili Mac, Gluten Free, 9-Ounce"><i class="ld ld-Plus" style="font-size:1.5rem;vertical-align:-0.25em" title="add to cart"></i><span class="mr2">Add</span></button></div></div><div class="mt5 mb1" style="height:24px" data-testid="variant-1Y3MH9DHZ5CK"></div></div><div class=""><div class="flex flex-wrap justify-start items-center lh-title mb2 mb1-m"><div class="b black f5 mr1 mr2-xl lh-copy f4-l" aria-hidden="true">$4.17</div><span class="w_DY">current price $4.17</span><div class="f7 f6-l gray mr1">46.3 ¢/oz</div></div><span class="w_Bd" style="-webkit-line-clamp:3;padding-bottom:0em;margin-bottom:-0em"><span class="f6 f5-l normal dark-gray mb0 mt1 lh-title">Amy&#39;s Frozen Bowls, Chili Mac, Gluten Free, 9-Ounce</span></span><div class="mv2 flex items-center"><div class="f7 mr1 blue b lh-copy">Save with</div><img loading="lazy" class="pr2 flex" src="//i5.walmartimages.com/dfw/63fd9f59-ac39/29c6759d-7f14-49fa-bd3a-b870eb4fb8fb/v1/wplus-icon-blue.svg" alt="Walmart Plus" height="20" width="20"/></div><div class="mt2 mb2"><span class="w_A w_C w_B mr1 mt1 ph1">Pickup</span><span class="w_A w_C w_B mr1 mt1 ph1">Delivery</span></div><div class="flex flex-wrap justify-start items-center mt2"><span class="gray f6">In stock</span></div></div></div></div></div></div><div class="mb1 ph1 pa0-xl bb b--near-white w-25"><div class="h-100 pb1-xl pr4-xl pv1 ph1" style="content-visibility:auto;contain-intrinsic-size:198px 340px"><div data-item-id="50XV1ZLMNOHW" class="sans-serif mid-gray relative flex flex-column w-100 "><a link-identifier="10307833" class="absolute w-100 h-100 z-1" href="/ip/Knorr-Chicken-Pasta-Sides-No-Artificial-Flavors-No-Preservatives-No-Added-MSG-4-3-oz/10307833?fulfillmentIntent=In-store"><span class="w_DY">Knorr Chicken Pasta Sides No Artificial Flavors, No Preservatives, No Added MSG 4.3 oz<!-- --> </span></a><div class="" data-testid="list-view"><div class=""><div class="h2 relative mb2"></div><div class="relative"><div class="relative overflow-hidden" style="max-width:290px;height:0;padding-bottom:min(290px, 100%);align-self:center;width:min(290px, 100%)"><img loading="eager" srcset="https://i5.walmartimages.com/asr/c660c446-3769-4c00-8441-40b1953130b9.39bc92ae1e29968a523cd96e6e10a220.jpeg?odnHeight=290&amp;odnWidth=290&amp;odnBg=FFFFFF 1x, https://i5.walmartimages.com/asr/c660c446-3769-4c00-8441-40b1953130b9.39bc92ae1e29968a523cd96e6e10a220.jpeg?odnHeight=580&amp;odnWidth=580&amp;odnBg=FFFFFF 2x" width="" height="" class="absolute top-0 left-0" data-testid="productTileImage" alt="" src="https://i5.walmartimages.com/asr/c660c446-3769-4c00-8441-40b1953130b9.39bc92ae1e29968a523cd96e6e10a220.jpeg?odnHeight=580&amp;odnWidth=580&amp;odnBg=FFFFFF"/></div><div class="absolute z-2 bottom--1"><button class="w_AH w_AJ w_AO pointer bn bg-blue hover-bg-dark-blue white sans-serif b w-auto ph2 flex items-center justify-center shadow-1" type="button" aria-label="Add to cart - Knorr Chicken Pasta Sides No Artificial Flavors, No Preservatives, No Added MSG 4.3 oz"><i class="ld ld-Plus" style="font-size:1.5rem;vertical-align:-0.25em" title="add to cart"></i><span class="mr2">Add</span></button></div></div><div class="mt5 mb1" style="height:24px" data-testid="variant-50XV1ZLMNOHW"></div></div><div class=""><div class="flex flex-wrap justify-start items-center lh-title mb2 mb1-m"><div class="b black f5 mr1 mr2-xl lh-copy f4-l" aria-hidden="true">$1.00</div><span class="w_DY">current price $1.00</span><div class="f7 f6-l gray mr1">23.3 ¢/oz</div></div><span class="w_Bd" style="-webkit-line-clamp:3;padding-bottom:0em;margin-bottom:-0em"><span class="f6 f5-l normal dark-gray mb0 mt1 lh-title">Knorr Chicken Pasta Sides No Artificial Flavors, No Preservatives, No Added MSG 4.3 oz</span></span><div class="mv2 flex items-center"><div class="f7 mr1 blue b lh-copy">Save with</div><img loading="lazy" class="pr2 flex" src="//i5.walmartimages.com/dfw/63fd9f59-ac39/29c6759d-7f14-49fa-bd3a-b870eb4fb8fb/v1/wplus-icon-blue.svg" alt="Walmart Plus" height="20" width="20"/></div><div class="mt2 mb2"><span class="w_A w_C w_B mr1 mt1 ph1">Pickup</span><span class="w_A w_C w_B mr1 mt1 ph1">Delivery</span></div><div class="flex flex-wrap justify-start items-center mt2"><span class="gray f6">In stock</span><span style="width:1px;height:14px;margin:3px 5px 3px 7px;background-color:#74767c"></span><i class="ld ld-Location mt1 mb1" style="font-size:1rem;vertical-align:-0.175em"></i><span class="f6">A16</span></div></div></div></div></div></div><div class="mb1 ph1 pa0-xl bb b--near-white w-25"><div class="h-100 pb1-xl pr4-xl pv1 ph1" style="content-visibility:auto;contain-intrinsic-size:198px 340px"><div data-item-id="2QTDH0PP584G" class="sans-serif mid-gray relative flex flex-column w-100 "><a link-identifier="10290961" class="absolute w-100 h-100 z-1" href="/ip/HORMEL-Homestyle-Meatloaf-with-Tomato-Sauce-15-oz/10290961?fulfillmentIntent=In-store"><span class="w_DY">HORMEL Homestyle Meatloaf with Tomato Sauce, 15 oz<!-- --> </span></a><div class="" data-testid="list-view"><div class=""><div class="h2 relative mb2"></div><div class="relative"><div class="relative overflow-hidden" style="max-width:290px;height:0;padding-bottom:min(290px, 100%);align-self:center;width:min(290px, 100%)"><img loading="eager" srcset="https://i5.walmartimages.com/asr/79d44fec-82f9-4d2c-b593-d99fedc7e778_3.04884353661f334438ccd1365265c120.jpeg?odnHeight=290&amp;odnWidth=290&amp;odnBg=FFFFFF 1x, https://i5.walmartimages.com/asr/79d44fec-82f9-4d2c-b593-d99fedc7e778_3.04884353661f334438ccd1365265c120.jpeg?odnHeight=580&amp;odnWidth=580&amp;odnBg=FFFFFF 2x" width="" height="" class="absolute top-0 left-0" data-testid="productTileImage" alt="" src="https://i5.walmartimages.com/asr/79d44fec-82f9-4d2c-b593-d99fedc7e778_3.04884353661f334438ccd1365265c120.jpeg?odnHeight=580&amp;odnWidth=580&amp;odnBg=FFFFFF"/></div><div class="absolute z-2 bottom--1"><button class="w_AH w_AJ w_AO pointer bn bg-blue hover-bg-dark-blue white sans-serif b w-auto ph2 flex items-center justify-center shadow-1" type="button" aria-label="Add to cart - HORMEL Homestyle Meatloaf with Tomato Sauce, 15 oz"><i class="ld ld-Plus" style="font-size:1.5rem;vertical-align:-0.25em" title="add to cart"></i><span class="mr2">Add</span></button></div></div><div class="mt5 mb1" style="height:24px" data-testid="variant-2QTDH0PP584G"></div></div><div class=""><div class="flex flex-wrap justify-start items-center lh-title mb2 mb1-m"><div class="b black f5 mr1 mr2-xl lh-copy f4-l" aria-hidden="true">$6.28</div><span class="w_DY">current price $6.28</span><div class="f7 f6-l gray mr1">41.9 ¢/oz</div></div><span class="w_Bd" style="-webkit-line-clamp:3;padding-bottom:0em;margin-bottom:-0em"><span class="f6 f5-l normal dark-gray mb0 mt1 lh-title">HORMEL Homestyle Meatloaf with Tomato Sauce, 15 oz</span></span><div class="mv2 flex items-center"><div class="f7 mr1 blue b lh-copy">Save with</div><img loading="lazy" class="pr2 flex" src="//i5.walmartimages.com/dfw/63fd9f59-ac39/29c6759d-7f14-49fa-bd3a-b870eb4fb8fb/v1/wplus-icon-blue.svg" alt="Walmart Plus" height="20" width="20"/></div><div class="mt2 mb2"><span class="w_A w_C w_B mr1 mt1 ph1">Pickup</span><span class="w_A w_C w_B mr1 mt1 ph1">Delivery</span></div><div class="flex flex-wrap justify-start items-center mt2"><span class="gray f6">In stock</span><span style="width:1px;height:14px;margin:3px 5px 3px 7px;background-color:#74767c"></span><i class="ld ld-Location mt1 mb1" style="font-size:1rem;vertical-align:-0.175em"></i><span class="f6">A40</span></div></div></div></div></div></div><div class="mb1 ph1 pa0-xl bb b--near-white w-25"><div class="h-100 pb1-xl pr4-xl pv1 ph1" style="content-visibility:auto;contain-intrinsic-size:198px 340px"><div data-item-id="6B7W266P1LJA" class="sans-serif mid-gray relative flex flex-column w-100 "><a link-identifier="12166184" class="absolute w-100 h-100 z-1" href="/ip/Lean-Cuisine-Favorites-Five-Cheese-Rigatoni-Frozen-Meal-10-oz/12166184?fulfillmentIntent=In-store"><span class="w_DY">Lean Cuisine Favorites Five Cheese Rigatoni Frozen Meal 10 oz.<!-- --> </span></a><div class="" data-testid="list-view"><div class=""><div class="h2 relative mb2"></div><div class="relative"><div class="relative overflow-hidden" style="max-width:290px;height:0;padding-bottom:min(290px, 100%);align-self:center;width:min(290px, 100%)"><img loading="lazy" srcset="https://i5.walmartimages.com/asr/a250fa67-b1c5-4519-85e0-3d7a25299d6a.045e4772d850ae75ca09e5b4c8226826.jpeg?odnHeight=290&amp;odnWidth=290&amp;odnBg=FFFFFF 1x, https://i5.walmartimages.com/asr/a250fa67-b1c5-4519-85e0-3d7a25299d6a.045e4772d850ae75ca09e5b4c8226826.jpeg?odnHeight=580&amp;odnWidth=580&amp;odnBg=FFFFFF 2x" width="" height="" class="absolute top-0 left-0" data-testid="productTileImage" alt="" src="https://i5.walmartimages.com/asr/a250fa67-b1c5-4519-85e0-3d7a25299d6a.045e4772d850ae75ca09e5b4c8226826.jpeg?odnHeight=580&amp;odnWidth=580&amp;odnBg=FFFFFF"/></div><div class="absolute z-2 bottom--1"><button class="w_AH w_AJ w_AO pointer bn bg-blue hover-bg-dark-blue white sans-serif b w-auto ph2 flex items-center justify-center shadow-1" type="button" aria-label="Add to cart - Lean Cuisine Favorites Five Cheese Rigatoni Frozen Meal 10 oz."><i class="ld ld-Plus" style="font-size:1.5rem;vertical-align:-0.25em" title="add to cart"></i><span class="mr2">Add</span></button></div></div><div class="mt5 mb1" style="height:24px" data-testid="variant-6B7W266P1LJA"></div></div><div class=""><div class="flex flex-wrap justify-start items-center lh-title mb2 mb1-m"><div class="b black f5 mr1 mr2-xl lh-copy f4-l" aria-hidden="true">$2.08</div><span class="w_DY">current price $2.08</span><div class="f7 f6-l gray mr1">20.8 ¢/oz</div></div><span class="w_Bd" style="-webkit-line-clamp:3;padding-bottom:0em;margin-bottom:-0em"><span class="f6 f5-l normal dark-gray mb0 mt1 lh-title">Lean Cuisine Favorites Five Cheese Rigatoni Frozen Meal 10 oz.</span></span><div class="mv2 flex items-center"><div class="f7 mr1 blue b lh-copy">Save with</div><img loading="lazy" class="pr2 flex" src="//i5.walmartimages.com/dfw/63fd9f59-ac39/29c6759d-7f14-49fa-bd3a-b870eb4fb8fb/v1/wplus-icon-blue.svg" alt="Walmart Plus" height="20" width="20"/></div><div class="mt2 mb2"><span class="w_A w_C w_B mr1 mt1 ph1">Pickup</span><span class="w_A w_C w_B mr1 mt1 ph1">Delivery</span></div><div class="flex flex-wrap justify-start items-center mt2"><span class="gray f6">In stock</span><span style="width:1px;height:14px;margin:3px 5px 3px 7px;background-color:#74767c"></span><i class="ld ld-Location mt1 mb1" style="font-size:1rem;vertical-align:-0.175em"></i><span class="f6">A5</span></div></div></div></div></div></div><div class="mb1 ph1 pa0-xl bb b--near-white w-25"><div class="h-100 pb1-xl pr4-xl pv1 ph1" style="content-visibility:auto;contain-intrinsic-size:198px 340px"><div data-item-id="3CRMBCGZWSIW" class="sans-serif mid-gray relative flex flex-column w-100 "><a link-identifier="10804814" class="absolute w-100 h-100 z-1" href="/ip/Lean-Cuisine-Favorites-Cheese-Ravioli-Frozen-Meal-8-5-oz/10804814?fulfillmentIntent=In-store"><span class="w_DY">Lean Cuisine Favorites Cheese Ravioli Frozen Meal 8.5 oz.<!-- --> </span></a><div class="" data-testid="list-view"><div class=""><div class="h2 relative mb2"></div><div class="relative"><div class="relative overflow-hidden" style="max-width:290px;height:0;padding-bottom:min(290px, 100%);align-self:center;width:min(290px, 100%)"><img loading="lazy" srcset="https://i5.walmartimages.com/asr/0689abff-c7f3-42d1-8aff-7bb2cd33fff8.91fddc2b7fef429380fa41e4854cf0bb.jpeg?odnHeight=290&amp;odnWidth=290&amp;odnBg=FFFFFF 1x, https://i5.walmartimages.com/asr/0689abff-c7f3-42d1-8aff-7bb2cd33fff8.91fddc2b7fef429380fa41e4854cf0bb.jpeg?odnHeight=580&amp;odnWidth=580&amp;odnBg=FFFFFF 2x" width="" height="" class="absolute top-0 left-0" data-testid="productTileImage" alt="" src="https://i5.walmartimages.com/asr/0689abff-c7f3-42d1-8aff-7bb2cd33fff8.91fddc2b7fef429380fa41e4854cf0bb.jpeg?odnHeight=580&amp;odnWidth=580&amp;odnBg=FFFFFF"/></div><div class="absolute z-2 bottom--1"><button class="w_AH w_AJ w_AO pointer bn bg-blue hover-bg-dark-blue white sans-serif b w-auto ph2 flex items-center justify-center shadow-1" type="button" aria-label="Add to cart - Lean Cuisine Favorites Cheese Ravioli Frozen Meal 8.5 oz."><i class="ld ld-Plus" style="font-size:1.5rem;vertical-align:-0.25em" title="add to cart"></i><span class="mr2">Add</span></button></div></div><div class="mt5 mb1" style="height:24px" data-testid="variant-3CRMBCGZWSIW"></div></div><div class=""><div class="flex flex-wrap justify-start items-center lh-title mb2 mb1-m"><div class="b black f5 mr1 mr2-xl lh-copy f4-l" aria-hidden="true">$2.08</div><span class="w_DY">current price $2.08</span><div class="f7 f6-l gray mr1">24.5 ¢/oz</div></div><span class="w_Bd" style="-webkit-line-clamp:3;padding-bottom:0em;margin-bottom:-0em"><span class="f6 f5-l normal dark-gray mb0 mt1 lh-title">Lean Cuisine Favorites Cheese Ravioli Frozen Meal 8.5 oz.</span></span><div class="mv2 flex items-center"><div class="f7 mr1 blue b lh-copy">Save with</div><img loading="lazy" class="pr2 flex" src="//i5.walmartimages.com/dfw/63fd9f59-ac39/29c6759d-7f14-49fa-bd3a-b870eb4fb8fb/v1/wplus-icon-blue.svg" alt="Walmart Plus" height="20" width="20"/></div><div class="mt2 mb2"><span class="w_A w_C w_B mr1 mt1 ph1">Pickup</span><span class="w_A w_C w_B mr1 mt1 ph1">Delivery</span></div><div class="flex flex-wrap justify-start items-center mt2"><span class="gray f6">In stock</span><span style="width:1px;height:14px;margin:3px 5px 3px 7px;background-color:#74767c"></span><i class="ld ld-Location mt1 mb1" style="font-size:1rem;vertical-align:-0.175em"></i><span class="f6">A5</span></div></div></div></div></div></div><div class="mb1 ph1 pa0-xl bb b--near-white w-25"><div class="h-100 pb1-xl pr4-xl pv1 ph1" style="content-visibility:auto;contain-intrinsic-size:198px 340px"><div data-item-id="4Q6FQMCM93I1" class="sans-serif mid-gray relative flex flex-column w-100 "><a link-identifier="10309199" class="absolute w-100 h-100 z-1" href="/ip/Barilla-Classic-Blue-Box-Pasta-Medium-Shells-16-oz/10309199?fulfillmentIntent=In-store"><span class="w_DY">Barilla Classic Blue Box Pasta Medium Shells 16 oz<!-- --> </span></a><div class="" data-testid="list-view"><div class=""><div class="h2 relative mb2"></div><div class="relative"><div class="relative overflow-hidden" style="max-width:290px;height:0;padding-bottom:min(290px, 100%);align-self:center;width:min(290px, 100%)"><img loading="lazy" srcset="https://i5.walmartimages.com/asr/20f1f331-7654-4c83-9c69-f8f85420980b.481640edbbf06aad4e04622add211179.jpeg?odnHeight=290&amp;odnWidth=290&amp;odnBg=FFFFFF 1x, https://i5.walmartimages.com/asr/20f1f331-7654-4c83-9c69-f8f85420980b.481640edbbf06aad4e04622add211179.jpeg?odnHeight=580&amp;odnWidth=580&amp;odnBg=FFFFFF 2x" width="" height="" class="absolute top-0 left-0" data-testid="productTileImage" alt="" src="https://i5.walmartimages.com/asr/20f1f331-7654-4c83-9c69-f8f85420980b.481640edbbf06aad4e04622add211179.jpeg?odnHeight=580&amp;odnWidth=580&amp;odnBg=FFFFFF"/></div><div class="absolute z-2 bottom--1"><button class="w_AH w_AJ w_AO pointer bn bg-blue hover-bg-dark-blue white sans-serif b w-auto ph2 flex items-center justify-center shadow-1" type="button" aria-label="Add to cart - Barilla Classic Blue Box Pasta Medium Shells 16 oz"><i class="ld ld-Plus" style="font-size:1.5rem;vertical-align:-0.25em" title="add to cart"></i><span class="mr2">Add</span></button></div></div><div class="mt5 mb1" style="height:24px" data-testid="variant-4Q6FQMCM93I1"></div></div><div class=""><div class="flex flex-wrap justify-start items-center lh-title mb2 mb1-m"><div class="b black f5 mr1 mr2-xl lh-copy f4-l" aria-hidden="true">$1.28</div><span class="w_DY">current price $1.28</span><div class="f7 f6-l gray mr1">8.0 ¢/oz</div></div><span class="w_Bd" style="-webkit-line-clamp:3;padding-bottom:0em;margin-bottom:-0em"><span class="f6 f5-l normal dark-gray mb0 mt1 lh-title">Barilla Classic Blue Box Pasta Medium Shells 16 oz</span></span><div class="mt2 flex items-center"><span class="black inline-flex mr1"><i class="ld ld-StarFill" style="font-size:12px;vertical-align:-0.175em" aria-hidden="true"></i><i class="ld ld-StarFill" style="font-size:12px;vertical-align:-0.175em" aria-hidden="true"></i><i class="ld ld-StarFill" style="font-size:12px;vertical-align:-0.175em" aria-hidden="true"></i><i class="ld ld-StarFill" style="font-size:12px;vertical-align:-0.175em" aria-hidden="true"></i><i class="ld ld-StarFill" style="font-size:12px;vertical-align:-0.175em" aria-hidden="true"></i></span><span class="sans-serif gray f7" aria-hidden="true">14</span><span class="w_DY">4.7857 out of 5 Stars. 14 reviews</span></div><div class="mv2 flex items-center"><div class="f7 mr1 blue b lh-copy">Save with</div><img loading="lazy" class="pr2 flex" src="//i5.walmartimages.com/dfw/63fd9f59-ac39/29c6759d-7f14-49fa-bd3a-b870eb4fb8fb/v1/wplus-icon-blue.svg" alt="Walmart Plus" height="20" width="20"/></div><div class="mt2 mb2"><span class="w_A w_C w_B mr1 mt1 ph1">Pickup</span><span class="w_A w_C w_B mr1 mt1 ph1">Delivery</span></div><div class="flex flex-wrap justify-start items-center mt2"><span class="gray f6">In stock</span><span style="width:1px;height:14px;margin:3px 5px 3px 7px;background-color:#74767c"></span><i class="ld ld-Location mt1 mb1" style="font-size:1rem;vertical-align:-0.175em"></i><span class="f6">A15</span></div></div></div></div></div></div><div class="mb1 ph1 pa0-xl bb b--near-white w-25"><div class="h-100 pb1-xl pr4-xl pv1 ph1" style="content-visibility:auto;contain-intrinsic-size:198px 340px"><div data-item-id="2BXNNJEBLVJW" class="sans-serif mid-gray relative flex flex-column w-100 "><a link-identifier="10318323" class="absolute w-100 h-100 z-1" href="/ip/WOLF-BRAND-Chili-No-Beans-Chili-Without-Beans-24-oz/10318323?fulfillmentIntent=In-store"><span class="w_DY">WOLF BRAND Chili No Beans, Chili Without Beans, 24 oz.<!-- --> </span></a><div class="" data-testid="list-view"><div class=""><div class="h2 relative mb2"></div><div class="relative"><div class="relative overflow-hidden" style="max-width:290px;height:0;padding-bottom:min(290px, 100%);align-self:center;width:min(290px, 100%)"><img loading="lazy" srcset="https://i5.walmartimages.com/asr/4889d1f2-1e34-459e-932e-8ac1c0023d77_1.4c9b167866782ab8c06842951f7858a2.jpeg?odnHeight=290&amp;odnWidth=290&amp;odnBg=FFFFFF 1x, https://i5.walmartimages.com/asr/4889d1f2-1e34-459e-932e-8ac1c0023d77_1.4c9b167866782ab8c06842951f7858a2.jpeg?odnHeight=580&amp;odnWidth=580&amp;odnBg=FFFFFF 2x" width="" height="" class="absolute top-0 left-0" data-testid="productTileImage" alt="" src="https://i5.walmartimages.com/asr/4889d1f2-1e34-459e-932e-8ac1c0023d77_1.4c9b167866782ab8c06842951f7858a2.jpeg?odnHeight=580&amp;odnWidth=580&amp;odnBg=FFFFFF"/></div><div class="absolute z-2 bottom--1"><button class="w_AH w_AJ w_AO pointer bn bg-blue hover-bg-dark-blue white sans-serif b w-auto ph2 flex items-center justify-center shadow-1" type="button" aria-label="Add to cart - WOLF BRAND Chili No Beans, Chili Without Beans, 24 oz."><i class="ld ld-Plus" style="font-size:1.5rem;vertical-align:-0.25em" title="add to cart"></i><span class="mr2">Add</span></button></div></div><div class="mt5 mb1" style="height:24px" data-testid="variant-2BXNNJEBLVJW"></div></div><div class=""><div class="flex flex-wrap justify-start items-center lh-title mb2 mb1-m"><div class="b black f5 mr1 mr2-xl lh-copy f4-l" aria-hidden="true">$3.12</div><span class="w_DY">current price $3.12</span><div class="f7 f6-l gray mr1">13.0 ¢/oz</div></div><span class="w_Bd" style="-webkit-line-clamp:3;padding-bottom:0em;margin-bottom:-0em"><span class="f6 f5-l normal dark-gray mb0 mt1 lh-title">WOLF BRAND Chili No Beans, Chili Without Beans, 24 oz.</span></span><div class="mv2 flex items-center"><div class="f7 mr1 blue b lh-copy">Save with</div><img loading="lazy" class="pr2 flex" src="//i5.walmartimages.com/dfw/63fd9f59-ac39/29c6759d-7f14-49fa-bd3a-b870eb4fb8fb/v1/wplus-icon-blue.svg" alt="Walmart Plus" height="20" width="20"/></div><div class="mt2 mb2"><span class="w_A w_C w_B mr1 mt1 ph1">Pickup</span><span class="w_A w_C w_B mr1 mt1 ph1">Delivery</span></div><div class="flex flex-wrap justify-start items-center mt2"><span class="gray f6">In stock</span><span style="width:1px;height:14px;margin:3px 5px 3px 7px;background-color:#74767c"></span><i class="ld ld-Location mt1 mb1" style="font-size:1rem;vertical-align:-0.175em"></i><span class="f6">A16</span></div></div></div></div></div></div><div class="mb1 ph1 pa0-xl bb b--near-white w-25"><div class="h-100 pb1-xl pr4-xl pv1 ph1" style="content-visibility:auto;contain-intrinsic-size:198px 340px"><div data-item-id="6686OXSEOQQW" class="sans-serif mid-gray relative flex flex-column w-100 "><a link-identifier="115718174" class="absolute w-100 h-100 z-1" href="/ip/Great-Value-Artisan-Crafted-Cheeseburger-12-8-oz/115718174?fulfillmentIntent=In-store"><span class="w_DY">Great Value Artisan Crafted Cheeseburger, 12.8 oz<!-- --> </span></a><div class="" data-testid="list-view"><div class=""><div class="h2 relative mb2"></div><div class="relative"><div class="relative overflow-hidden" style="max-width:290px;height:0;padding-bottom:min(290px, 100%);align-self:center;width:min(290px, 100%)"><img loading="lazy" srcset="https://i5.walmartimages.com/asr/16021ecf-5bc8-4cce-b4bb-4331f37b237a_2.876261d803b8cb0a97e843afab5bfc11.jpeg?odnHeight=290&amp;odnWidth=290&amp;odnBg=FFFFFF 1x, https://i5.walmartimages.com/asr/16021ecf-5bc8-4cce-b4bb-4331f37b237a_2.876261d803b8cb0a97e843afab5bfc11.jpeg?odnHeight=580&amp;odnWidth=580&amp;odnBg=FFFFFF 2x" width="" height="" class="absolute top-0 left-0" data-testid="productTileImage" alt="" src="https://i5.walmartimages.com/asr/16021ecf-5bc8-4cce-b4bb-4331f37b237a_2.876261d803b8cb0a97e843afab5bfc11.jpeg?odnHeight=580&amp;odnWidth=580&amp;odnBg=FFFFFF"/></div><div class="absolute z-2 bottom--1"><button class="w_AH w_AJ w_AO pointer bn bg-blue hover-bg-dark-blue white sans-serif b w-auto ph2 flex items-center justify-center shadow-1" type="button" aria-label="Add to cart - Great Value Artisan Crafted Cheeseburger, 12.8 oz"><i class="ld ld-Plus" style="font-size:1.5rem;vertical-align:-0.25em" title="add to cart"></i><span class="mr2">Add</span></button></div></div><div class="mt5 mb1" style="height:24px" data-testid="variant-6686OXSEOQQW"></div></div><div class=""><div class="flex flex-wrap justify-start items-center lh-title mb2 mb1-m"><div class="b black f5 mr1 mr2-xl lh-copy f4-l" aria-hidden="true">$1.92</div><span class="w_DY">current price $1.92</span><div class="f7 f6-l gray mr1">15.0 ¢/oz</div></div><span class="w_Bd" style="-webkit-line-clamp:3;padding-bottom:0em;margin-bottom:-0em"><span class="f6 f5-l normal dark-gray mb0 mt1 lh-title">Great Value Artisan Crafted Cheeseburger, 12.8 oz</span></span><div class="mv2 flex items-center"><div class="f7 mr1 blue b lh-copy">Save with</div><img loading="lazy" class="pr2 flex" src="//i5.walmartimages.com/dfw/63fd9f59-ac39/29c6759d-7f14-49fa-bd3a-b870eb4fb8fb/v1/wplus-icon-blue.svg" alt="Walmart Plus" height="20" width="20"/></div><div class="mt2 mb2"><span class="w_A w_C w_B mr1 mt1 ph1">Pickup</span><span class="w_A w_C w_B mr1 mt1 ph1">Delivery</span></div><div class="flex flex-wrap justify-start items-center mt2"><span class="gray f6">In stock</span><span style="width:1px;height:14px;margin:3px 5px 3px 7px;background-color:#74767c"></span><i class="ld ld-Location mt1 mb1" style="font-size:1rem;vertical-align:-0.175em"></i><span class="f6">A16</span></div></div></div></div></div></div><div class="mb1 ph1 pa0-xl bb b--near-white w-25"><div class="h-100 pb1-xl pr4-xl pv1 ph1" style="content-visibility:auto;contain-intrinsic-size:198px 340px"><div data-item-id="1EGAIREQ3MAR" class="sans-serif mid-gray relative flex flex-column w-100 "><a link-identifier="467872523" class="absolute w-100 h-100 z-1" href="/ip/Sweet-Earth-Cauliflower-Mac-Bowl-Frozen-Dinner-9-oz/467872523?fulfillmentIntent=In-store"><span class="w_DY">Sweet Earth Cauliflower Mac Bowl Frozen Dinner 9 oz.<!-- --> </span></a><div class="" data-testid="list-view"><div class=""><div class="h2 relative mb2"></div><div class="relative"><div class="relative overflow-hidden" style="max-width:290px;height:0;padding-bottom:min(290px, 100%);align-self:center;width:min(290px, 100%)"><img loading="lazy" srcset="https://i5.walmartimages.com/asr/80b2fe85-ca3e-42c9-a5cc-5a546e2f9b78.368d7bd9f1ae08aec5a9de3abfff4322.jpeg?odnHeight=290&amp;odnWidth=290&amp;odnBg=FFFFFF 1x, https://i5.walmartimages.com/asr/80b2fe85-ca3e-42c9-a5cc-5a546e2f9b78.368d7bd9f1ae08aec5a9de3abfff4322.jpeg?odnHeight=580&amp;odnWidth=580&amp;odnBg=FFFFFF 2x" width="" height="" class="absolute top-0 left-0" data-testid="productTileImage" alt="" src="https://i5.walmartimages.com/asr/80b2fe85-ca3e-42c9-a5cc-5a546e2f9b78.368d7bd9f1ae08aec5a9de3abfff4322.jpeg?odnHeight=580&amp;odnWidth=580&amp;odnBg=FFFFFF"/></div><div class="absolute z-2 bottom--1"><button class="w_AH w_AJ w_AO pointer bn bg-blue hover-bg-dark-blue white sans-serif b w-auto ph2 flex items-center justify-center shadow-1" type="button" aria-label="Add to cart - Sweet Earth Cauliflower Mac Bowl Frozen Dinner 9 oz."><i class="ld ld-Plus" style="font-size:1.5rem;vertical-align:-0.25em" title="add to cart"></i><span class="mr2">Add</span></button></div></div><div class="mt5 mb1" style="height:24px" data-testid="variant-1EGAIREQ3MAR"></div></div><div class=""><div class="flex flex-wrap justify-start items-center lh-title mb2 mb1-m"><div class="b black f5 mr1 mr2-xl lh-copy f4-l" aria-hidden="true">$3.98</div><span class="w_DY">current price $3.98</span><div class="f7 f6-l gray mr1">44.2 ¢/oz</div></div><span class="w_Bd" style="-webkit-line-clamp:3;padding-bottom:0em;margin-bottom:-0em"><span class="f6 f5-l normal dark-gray mb0 mt1 lh-title">Sweet Earth Cauliflower Mac Bowl Frozen Dinner 9 oz.</span></span><div class="mv2 flex items-center"><div class="f7 mr1 blue b lh-copy">Save with</div><img loading="lazy" class="pr2 flex" src="//i5.walmartimages.com/dfw/63fd9f59-ac39/29c6759d-7f14-49fa-bd3a-b870eb4fb8fb/v1/wplus-icon-blue.svg" alt="Walmart Plus" height="20" width="20"/></div><div class="mt2 mb2"><span class="w_A w_C w_B mr1 mt1 ph1">Pickup</span><span class="w_A w_C w_B mr1 mt1 ph1">Delivery</span></div><div class="flex flex-wrap justify-start items-center mt2"><span class="gray f6">In stock</span><span style="width:1px;height:14px;margin:3px 5px 3px 7px;background-color:#74767c"></span><i class="ld ld-Location mt1 mb1" style="font-size:1rem;vertical-align:-0.175em"></i><span class="f6">A7</span></div></div></div></div></div></div></div></section></div><div class="w_AZ pa0" id="SEARCH-MarqueeDisplayAd-marquee2-mac and cheese-4"></div><div class="pt3"><div class="w_AZ pa0" id="SEARCH-SponsoredProductCarousel-bottom-mac and cheese-4"></div></div></div></div></div></div></main></div></div><span><footer class="bg-washed-blue pt5 lh-copy relative z-0"><div class="mb5 pv1 tc"><p class="f5 mt0">We’d love to hear what you think!</p><button class="w_AH w_AK w_AO" type="button">Give feedback</button></div><div class="bg-dark-blue pv4"><ul class="center flex flex-wrap justify-center list ma0 ph4 pb4 pt3" style="max-width:1280px"><li><a link-identifier="Privacy &amp; Security" href="https://corporate.walmart.com/privacy-security" class="no-underline pointer f6 white mr4" aria-label="Privacy &amp; Security - opens in a new window" target="_blank" rel="noopener noreferrer">Privacy &amp; Security</a></li><li><a link-identifier="CA Privacy Rights" href="https://corporate.walmart.com/privacy-security/california-privacy-rights" class="no-underline pointer f6 white mr4" aria-label="CA Privacy Rights - opens in a new window" target="_blank" rel="noopener noreferrer">CA Privacy Rights</a></li><li><a link-identifier="Do Not Sell My Personal Information" href="https://www.walmart.com/account/api/ccpa-intake?native=false&amp;app=gm&amp;type=sod" class="no-underline pointer f6 white mr4" aria-label="Do Not Sell My Personal Information - opens in a new window" target="_blank" rel="noopener noreferrer">Do Not Sell My Personal Information</a></li><li><a link-identifier="Request My Personal Information" href="https://www.walmart.com/account/api/ccpa-intake?native=false&amp;app=gm&amp;type=access" class="no-underline pointer f6 white mr4" aria-label="Request My Personal Information - opens in a new window" target="_blank" rel="noopener noreferrer">Request My Personal Information</a></li><li><a link-identifier="Help" class="no-underline pointer f6 white mr4" href="/help">Help</a></li><li><a link-identifier="Terms of Use" class="no-underline pointer f6 white mr4" href="/help/article/walmart-com-terms-of-use/3b75080af40340d6bbd596f116fae5a0">Terms of Use</a></li><li><a link-identifier="All Departments" class="no-underline pointer f6 white mr4" href="/all-departments">All Departments</a></li><li><a link-identifier="Store Directory" class="no-underline pointer f6 white" href="/store/directory">Store Directory</a></li></ul><div class="pt2 f7 lh-title tc white">© 2021 Walmart. All Rights Reserved.</div></div></footer></span></div></div></div><div aria-live="assertive"></div></div><script id="__NEXT_DATA__" type="application/json" nonce="FrApt2lBPh3x8Vnc">{"props":{"pageProps":{"initialData":{"moduleDataByZone":{"pillsTopZone":{"name":"0825 Guided Nav Pills","version":1,"type":"PillsModule","moduleId":"d80c120b-3158-42ac-9525-9b22e6c4fbac","schedule":{"priority":1},"matchedTrigger":{"zone":"pillsTopZone"},"configs":{"__typename":"TempoWM_GLASSWWWPillsModuleConfigs","moduleSource":"chipModule","pillsV2":[{"title":"Kraft Macaroni and Cheese","url":"https://www.walmart.com/search?q=Kraft+Macaroni+and+Cheese","image":null,"baseSeoURL":null},{"title":"Annie's Mac \u0026 cheese","url":"https://www.walmart.com/search?q=annie%27s+macaroni+and+cheese","image":null,"baseSeoURL":null},{"title":"Velveeta Mac \u0026 Cheese","url":"https://www.walmart.com/search?q=velveeta+macaroni+and+cheese","image":null,"baseSeoURL":null},{"title":"Cheetos Mac \u0026 Cheese","url":"https://www.walmart.com/search?q=cheetos+macaroni+and+cheese","image":null,"baseSeoURL":null},{"title":"Cup Macaroni and Cheese","url":"https://www.walmart.com/search?q=cup+macaroni+and+cheese","image":null,"baseSeoURL":null},{"title":"Frozen Macaroni \u0026 Cheese","url":"https://www.walmart.com/search?q=frozen+macaroni+and+cheese","image":null,"baseSeoURL":null}]}},"topZone3":{"name":"Default Sort \u0026 Filter","version":3,"type":"SearchSortFilterModule","moduleId":"8d6b5e69-db36-453a-bd8a-fcf0de045072","schedule":{"priority":1},"matchedTrigger":{"zone":"topZone3"},"configs":{"__typename":"_TempoWM_GLASSWWWSearchSortFilterModuleConfigs","facetsV1":[{"name":"Sort","type":"sort","layout":"default","min":null,"max":null,"selectedMin":null,"selectedMax":null,"unboundedMax":null,"stepSize":null,"values":[{"id":"best_seller","name":"Best Seller","description":null,"type":null,"itemCount":null,"isSelected":false,"baseSeoURL":null},{"id":"best_match","name":"Best Match","description":null,"type":null,"itemCount":null,"isSelected":true,"baseSeoURL":null},{"id":"price_low","name":"Price: low to high","description":null,"type":null,"itemCount":null,"isSelected":false,"baseSeoURL":null},{"id":"price_high","name":"Price: high to low","description":null,"type":null,"itemCount":null,"isSelected":false,"baseSeoURL":null}]},{"name":"In-store","type":"fulfillment_method_in_store","layout":"pill","min":null,"max":null,"selectedMin":null,"selectedMax":null,"unboundedMax":null,"stepSize":null,"values":null},{"name":"Fulfillment Method","type":"fulfillment_method","layout":"pill","min":null,"max":null,"selectedMin":null,"selectedMax":null,"unboundedMax":null,"stepSize":null,"values":[{"id":null,"name":"Pickup","description":"We'll bring it to you curbside or come inside to pick it up.","type":null,"itemCount":0,"isSelected":null,"baseSeoURL":null},{"id":null,"name":"Delivery","description":"Get your order brought to you from a store. Free with W+.","type":null,"itemCount":0,"isSelected":null,"baseSeoURL":null},{"id":null,"name":"Shipping","description":"Get your order shipped fast via FedEx or UPS.","type":null,"itemCount":0,"isSelected":null,"baseSeoURL":null}]},{"name":"Price","type":"price","layout":"pill","min":0,"max":20,"selectedMin":null,"selectedMax":null,"unboundedMax":true,"stepSize":1,"values":null},{"name":"Brand","type":"brand","layout":"pill","min":null,"max":null,"selectedMin":null,"selectedMax":null,"unboundedMax":null,"stepSize":null,"values":[{"id":null,"name":"Kraft","description":null,"type":null,"itemCount":27,"isSelected":null,"baseSeoURL":null},{"id":null,"name":"Great Value","description":null,"type":null,"itemCount":27,"isSelected":null,"baseSeoURL":null},{"id":null,"name":"Velveeta","description":null,"type":null,"itemCount":12,"isSelected":null,"baseSeoURL":null},{"id":null,"name":"Annie's","description":null,"type":null,"itemCount":19,"isSelected":null,"baseSeoURL":null},{"id":null,"name":"Cheetos","description":null,"type":null,"itemCount":6,"isSelected":null,"baseSeoURL":null},{"id":null,"name":"Marketside","description":null,"type":null,"itemCount":1,"isSelected":null,"baseSeoURL":null},{"id":null,"name":"Stouffer's","description":null,"type":null,"itemCount":7,"isSelected":null,"baseSeoURL":null},{"id":null,"name":"Chef Boyardee","description":null,"type":null,"itemCount":2,"isSelected":null,"baseSeoURL":null},{"id":null,"name":"Bob Evans","description":null,"type":null,"itemCount":4,"isSelected":null,"baseSeoURL":null},{"id":null,"name":"Knorr","description":null,"type":null,"itemCount":2,"isSelected":null,"baseSeoURL":null},{"id":null,"name":"Marie Callender's","description":null,"type":null,"itemCount":2,"isSelected":null,"baseSeoURL":null},{"id":null,"name":"Hormel","description":null,"type":null,"itemCount":8,"isSelected":null,"baseSeoURL":null},{"id":null,"name":"Pinkfong","description":null,"type":null,"itemCount":1,"isSelected":null,"baseSeoURL":null},{"id":null,"name":"Banquet","description":null,"type":null,"itemCount":4,"isSelected":null,"baseSeoURL":null},{"id":null,"name":"Panera Bread","description":null,"type":null,"itemCount":1,"isSelected":null,"baseSeoURL":null},{"id":null,"name":"Barilla","description":null,"type":null,"itemCount":1,"isSelected":null,"baseSeoURL":null},{"id":null,"name":"Hamburger Helper","description":null,"type":null,"itemCount":5,"isSelected":null,"baseSeoURL":null},{"id":null,"name":"Birdseye","description":null,"type":null,"itemCount":2,"isSelected":null,"baseSeoURL":null},{"id":null,"name":"Cracker Barrel","description":null,"type":null,"itemCount":2,"isSelected":null,"baseSeoURL":null},{"id":null,"name":"Lean Cuisine","description":null,"type":null,"itemCount":3,"isSelected":null,"baseSeoURL":null},{"id":null,"name":"Michelina's","description":null,"type":null,"itemCount":2,"isSelected":null,"baseSeoURL":null}]},{"name":"Departments","type":"cat_id","layout":"default","min":null,"max":null,"selectedMin":null,"selectedMax":null,"unboundedMax":null,"stepSize":null,"values":[{"id":"976759","name":"Food","description":null,"type":"cat_id","itemCount":142,"isSelected":null,"baseSeoURL":"/browse/food/976759"}]},{"name":"Fulfillment Speed","type":"fulfillment_speed","layout":"pill","min":null,"max":null,"selectedMin":null,"selectedMax":null,"unboundedMax":null,"stepSize":null,"values":[{"id":null,"name":"Today","description":null,"type":null,"itemCount":0,"isSelected":null,"baseSeoURL":null},{"id":null,"name":"Tomorrow","description":null,"type":null,"itemCount":0,"isSelected":null,"baseSeoURL":null},{"id":null,"name":"2 days","description":null,"type":null,"itemCount":0,"isSelected":null,"baseSeoURL":null},{"id":null,"name":"Anytime","description":null,"type":null,"itemCount":0,"isSelected":null,"baseSeoURL":null}]},{"name":"Flavor","type":"flavor","layout":"default","min":null,"max":null,"selectedMin":null,"selectedMax":null,"unboundedMax":null,"stepSize":null,"values":[{"id":null,"name":"Cheese","description":null,"type":null,"itemCount":19,"isSelected":null,"baseSeoURL":null},{"id":null,"name":"Original","description":null,"type":null,"itemCount":19,"isSelected":null,"baseSeoURL":null},{"id":null,"name":"Unflavored","description":null,"type":null,"itemCount":1,"isSelected":null,"baseSeoURL":null},{"id":null,"name":"White Cheddar","description":null,"type":null,"itemCount":1,"isSelected":null,"baseSeoURL":null}]},{"name":"Customer Rating","type":"customer_rating","layout":"default","min":null,"max":null,"selectedMin":null,"selectedMax":null,"unboundedMax":null,"stepSize":null,"values":[{"id":null,"name":"4 - 5 Stars","description":null,"type":null,"itemCount":10,"isSelected":null,"baseSeoURL":null},{"id":null,"name":"3 - 3.9 Stars","description":null,"type":null,"itemCount":10,"isSelected":null,"baseSeoURL":null},{"id":null,"name":"2 - 2.9 Stars","description":null,"type":null,"itemCount":10,"isSelected":null,"baseSeoURL":null},{"id":null,"name":"1 - 1.9 Stars","description":null,"type":null,"itemCount":10,"isSelected":null,"baseSeoURL":null}]},{"name":"Special Diet Needs","type":"dietary_need","layout":"default","min":null,"max":null,"selectedMin":null,"selectedMax":null,"unboundedMax":null,"stepSize":null,"values":[{"id":null,"name":"Cholesterol-Free","description":null,"type":null,"itemCount":2,"isSelected":null,"baseSeoURL":null},{"id":null,"name":"Dairy-Free","description":null,"type":null,"itemCount":1,"isSelected":null,"baseSeoURL":null},{"id":null,"name":"Fat-Free","description":null,"type":null,"itemCount":1,"isSelected":null,"baseSeoURL":null},{"id":null,"name":"GMO-Free","description":null,"type":null,"itemCount":1,"isSelected":null,"baseSeoURL":null},{"id":null,"name":"Gluten-Free","description":null,"type":null,"itemCount":6,"isSelected":null,"baseSeoURL":null},{"id":null,"name":"High Protein","description":null,"type":null,"itemCount":1,"isSelected":null,"baseSeoURL":null},{"id":null,"name":"Kosher","description":null,"type":null,"itemCount":9,"isSelected":null,"baseSeoURL":null},{"id":null,"name":"Lactose-Free","description":null,"type":null,"itemCount":1,"isSelected":null,"baseSeoURL":null},{"id":null,"name":"Low Fat","description":null,"type":null,"itemCount":1,"isSelected":null,"baseSeoURL":null},{"id":null,"name":"Low Sodium","description":null,"type":null,"itemCount":1,"isSelected":null,"baseSeoURL":null},{"id":null,"name":"No Artificial Colors","description":null,"type":null,"itemCount":2,"isSelected":null,"baseSeoURL":null},{"id":null,"name":"No Artificial Flavors","description":null,"type":null,"itemCount":6,"isSelected":null,"baseSeoURL":null},{"id":null,"name":"No Preservatives","description":null,"type":null,"itemCount":8,"isSelected":null,"baseSeoURL":null},{"id":null,"name":"Organic","description":null,"type":null,"itemCount":16,"isSelected":null,"baseSeoURL":null},{"id":null,"name":"Soy-Free","description":null,"type":null,"itemCount":1,"isSelected":null,"baseSeoURL":null},{"id":null,"name":"Sugar-Free","description":null,"type":null,"itemCount":1,"isSelected":null,"baseSeoURL":null},{"id":null,"name":"Trans Fat-Free","description":null,"type":null,"itemCount":11,"isSelected":null,"baseSeoURL":null},{"id":null,"name":"Vegan","description":null,"type":null,"itemCount":8,"isSelected":null,"baseSeoURL":null}]},{"name":"Category","type":"category","layout":"default","min":null,"max":null,"selectedMin":null,"selectedMax":null,"unboundedMax":null,"stepSize":null,"values":[{"id":null,"name":"Boxed Meals \u0026 Side Dishes","description":null,"type":null,"itemCount":7,"isSelected":null,"baseSeoURL":null},{"id":null,"name":"Canned Grains","description":null,"type":null,"itemCount":1,"isSelected":null,"baseSeoURL":null},{"id":null,"name":"Chili","description":null,"type":null,"itemCount":2,"isSelected":null,"baseSeoURL":null},{"id":null,"name":"Dry Beans","description":null,"type":null,"itemCount":1,"isSelected":null,"baseSeoURL":null},{"id":null,"name":"Frozen Meals \u0026 Entrees","description":null,"type":null,"itemCount":1,"isSelected":null,"baseSeoURL":null},{"id":null,"name":"Frozen Pasta \u0026 Noodles","description":null,"type":null,"itemCount":1,"isSelected":null,"baseSeoURL":null},{"id":null,"name":"Packaged Seafood","description":null,"type":null,"itemCount":1,"isSelected":null,"baseSeoURL":null},{"id":null,"name":"Pasta \u0026 Noodles","description":null,"type":null,"itemCount":7,"isSelected":null,"baseSeoURL":null},{"id":null,"name":"Pasta Meals \u0026 Mixes","description":null,"type":null,"itemCount":1,"isSelected":null,"baseSeoURL":null},{"id":null,"name":"Prepared Foods","description":null,"type":null,"itemCount":2,"isSelected":null,"baseSeoURL":null},{"id":null,"name":"Soups","description":null,"type":null,"itemCount":1,"isSelected":null,"baseSeoURL":null}]},{"name":"Container","type":"container_type","layout":"default","min":null,"max":null,"selectedMin":null,"selectedMax":null,"unboundedMax":null,"stepSize":null,"values":[{"id":null,"name":"Box","description":null,"type":null,"itemCount":55,"isSelected":null,"baseSeoURL":null},{"id":null,"name":"Can","description":null,"type":null,"itemCount":6,"isSelected":null,"baseSeoURL":null},{"id":null,"name":"Cup","description":null,"type":null,"itemCount":5,"isSelected":null,"baseSeoURL":null},{"id":null,"name":"Pouch","description":null,"type":null,"itemCount":2,"isSelected":null,"baseSeoURL":null},{"id":null,"name":"Tray","description":null,"type":null,"itemCount":3,"isSelected":null,"baseSeoURL":null}]},{"name":"Nutritional Content","type":"nutrient_content_claims","layout":"default","min":null,"max":null,"selectedMin":null,"selectedMax":null,"unboundedMax":null,"stepSize":null,"values":[{"id":null,"name":"Cholesterol-Free","description":null,"type":null,"itemCount":2,"isSelected":null,"baseSeoURL":null},{"id":null,"name":"Dairy-Free","description":null,"type":null,"itemCount":1,"isSelected":null,"baseSeoURL":null},{"id":null,"name":"Fat-Free","description":null,"type":null,"itemCount":1,"isSelected":null,"baseSeoURL":null},{"id":null,"name":"GMO-Free","description":null,"type":null,"itemCount":1,"isSelected":null,"baseSeoURL":null},{"id":null,"name":"Gluten-Free","description":null,"type":null,"itemCount":6,"isSelected":null,"baseSeoURL":null},{"id":null,"name":"High Protein","description":null,"type":null,"itemCount":1,"isSelected":null,"baseSeoURL":null},{"id":null,"name":"Kosher","description":null,"type":null,"itemCount":9,"isSelected":null,"baseSeoURL":null},{"id":null,"name":"Lactose-Free","description":null,"type":null,"itemCount":1,"isSelected":null,"baseSeoURL":null},{"id":null,"name":"Low Fat","description":null,"type":null,"itemCount":1,"isSelected":null,"baseSeoURL":null},{"id":null,"name":"Low Sodium","description":null,"type":null,"itemCount":1,"isSelected":null,"baseSeoURL":null},{"id":null,"name":"No Artificial Colors","description":null,"type":null,"itemCount":2,"isSelected":null,"baseSeoURL":null},{"id":null,"name":"No Artificial Flavors","description":null,"type":null,"itemCount":6,"isSelected":null,"baseSeoURL":null},{"id":null,"name":"No Preservatives","description":null,"type":null,"itemCount":8,"isSelected":null,"baseSeoURL":null},{"id":null,"name":"ORGANIC","description":null,"type":null,"itemCount":16,"isSelected":null,"baseSeoURL":null},{"id":null,"name":"Organic","description":null,"type":null,"itemCount":16,"isSelected":null,"baseSeoURL":null},{"id":null,"name":"Soy-Free","description":null,"type":null,"itemCount":1,"isSelected":null,"baseSeoURL":null},{"id":null,"name":"Sugar-Free","description":null,"type":null,"itemCount":1,"isSelected":null,"baseSeoURL":null},{"id":null,"name":"Trans Fat-Free","description":null,"type":null,"itemCount":11,"isSelected":null,"baseSeoURL":null},{"id":null,"name":"Vegan","description":null,"type":null,"itemCount":8,"isSelected":null,"baseSeoURL":null}]},{"name":"Color","type":"color","layout":"default","min":null,"max":null,"selectedMin":null,"selectedMax":null,"unboundedMax":null,"stepSize":null,"values":[{"id":null,"name":"Multicolor","description":null,"type":null,"itemCount":12,"isSelected":null,"baseSeoURL":null},{"id":null,"name":"Clear","description":null,"type":null,"itemCount":2,"isSelected":null,"baseSeoURL":null},{"id":null,"name":"Silver","description":null,"type":null,"itemCount":1,"isSelected":null,"baseSeoURL":null},{"id":null,"name":"Other","description":null,"type":null,"itemCount":10,"isSelected":null,"baseSeoURL":null}]},{"name":"Form","type":"food_form","layout":"default","min":null,"max":null,"selectedMin":null,"selectedMax":null,"unboundedMax":null,"stepSize":null,"values":[{"id":null,"name":"Liquids","description":null,"type":null,"itemCount":2,"isSelected":null,"baseSeoURL":null},{"id":null,"name":"Whole","description":null,"type":null,"itemCount":1,"isSelected":null,"baseSeoURL":null}]},{"name":"Retailer","type":"retailer_type","layout":"default","min":null,"max":null,"selectedMin":null,"selectedMax":null,"unboundedMax":null,"stepSize":null,"values":[{"id":null,"name":"Walmart","description":null,"type":null,"itemCount":161,"isSelected":null,"baseSeoURL":null}]},{"name":"Benefit Cards","type":"snap_eligible","layout":"default","min":null,"max":null,"selectedMin":null,"selectedMax":null,"unboundedMax":null,"stepSize":null,"values":[{"id":null,"name":"EBT food eligible","description":null,"type":null,"itemCount":156,"isSelected":null,"baseSeoURL":null}]}]}},"bottomZone1":{"name":"Marquee Display Ad BTF","version":3,"type":"MarqueeDisplayAd","moduleId":"986350d5-0bd6-4feb-916f-b7081f246aeb","schedule":{"priority":1},"matchedTrigger":{"zone":"bottomZone1"},"configs":{"__typename":"TempoWM_GLASSWWWMarqueeDisplayAdConfigs","_rawConfigs":{"moduleLocation":"marquee2","lazy":"1000"},"ad":null}},"topZone2":{"name":"Search Brand Amplifier Ad","version":2,"type":"BrandAmplifierAd","moduleId":"ce73cb9e-2029-4083-80c4-d6aced706cf0","schedule":{"priority":1},"matchedTrigger":{"zone":"topZone2"},"configs":{"__typename":"TempoWM_GLASSWWWBrandAmplifierAdConfigs","_rawConfigs":{"moduleLocation":"top"},"moduleLocation":"top","ad":{"status":"SUCCESS","moduleType":"BrandAmplifierAd","platform":"DESKTOP","pageId":"mac and cheese","pageType":"SEARCH","storeId":"999","stateCode":"TX","zipCode":"78242","pageContext":{"searchNormalize":{"normalized_query":"macaroni and cheese","original_query":"mac and cheese","rewritten_query":"macaroni and cheese","specificity":"broad","top_query_cat_path":"/976759/976794/5614446/6189969","top_query_cat_path_name":"/Food/Pantry/Boxed Meals \u0026 Side Dishes/Macaroni \u0026 Cheese","analytics_log":{"fe_log":{"dept":"/976759/976794/5614446/6189969","g":"S","s":"b","trf":"ht"}}}},"moduleConfigs":{"moduleLocation":"top"},"adsContext":{"locationContext":{"zipCode":"78242","stateCode":"TX","storeId":"999","pickupStore":null,"deliveryStore":null,"intent":null,"incatchment":true},"itemId":"","categoryId":"976759_976794_5614446_6189969","categoryName":"Food/Pantry/Boxed Meals \u0026 Side Dishes/Macaroni \u0026 Cheese","brand":"","productName":"","productTypeId":"","normKeyword":"macaroni and cheese","verticalId":"","dedupeList":[""]},"adRequestComposite":{"isDebug":false,"isManualShelf":false,"keyword":"macaroni and cheese"},"adContent":{"type":"SPONSORED_PRODUCTS","data":{"__typename":"SponsoredBrands","adUuid":"88d2cd1b-03e1-4d95-bc48-a5a1166b0a48","adExpInfo":null,"moduleInfo":"{\"adExpId\":\"\",\"bucketId\":\"2243\"}","brands":[]}}}}},"topZone5":{"name":"Search Fitment Module","version":2,"type":"SearchFitment","moduleId":"4e756e28-80b7-499d-aae4-b46bbc21b554","schedule":{"priority":1},"matchedTrigger":{"zone":"topZone5"},"configs":{"__typename":"TempoWM_GLASSWWWSearchFitmentModuleConfigs","fitments":null}},"topZone6":{"name":"Search Non Item Module","version":1,"type":"SearchNonItem","moduleId":"8a6208c9-6ee9-4d9e-96a3-3b2cad2d690e","schedule":{"priority":1},"matchedTrigger":{"zone":"topZone6"},"configs":{"title":null,"subTitle":null,"urlLinkText":null,"url":null,"__typename":"TempoWM_GLASSWWWSearchNonItemConfigs"}},"topZone1":{"name":"Skyline Display Ad","version":2,"type":"SkylineDisplayAd","moduleId":"d82a07bd-471a-46ef-9926-63ae0bd7dbc2","schedule":{"priority":1},"matchedTrigger":{"zone":"topZone1"},"configs":{"__typename":"TempoWM_GLASSWWWSkylineDisplayAdConfigs","_rawConfigs":{"moduleLocation":"top"},"ad":{"status":"SUCCESS","moduleType":"SkylineDisplayAd","platform":"DESKTOP","pageId":"mac and cheese","pageType":"SEARCH","storeId":"999","stateCode":"TX","zipCode":"78242","pageContext":{"searchNormalize":{"normalized_query":"macaroni and cheese","original_query":"mac and cheese","rewritten_query":"macaroni and cheese","specificity":"broad","top_query_cat_path":"/976759/976794/5614446/6189969","top_query_cat_path_name":"/Food/Pantry/Boxed Meals \u0026 Side Dishes/Macaroni \u0026 Cheese","analytics_log":{"fe_log":{"dept":"/976759/976794/5614446/6189969","g":"S","s":"b","trf":"ht"}}}},"moduleConfigs":{"moduleLocation":"top"},"adsContext":{"locationContext":{"zipCode":"78242","stateCode":"TX","storeId":"999","pickupStore":null,"deliveryStore":null,"intent":null,"incatchment":true},"itemId":"","categoryId":"976759_976794_5614446_6189969","categoryName":"Food/Pantry/Boxed Meals \u0026 Side Dishes/Macaroni \u0026 Cheese","brand":"","productName":"","productTypeId":"","normKeyword":"macaroni and cheese","verticalId":"","dedupeList":[""]},"adRequestComposite":{"isDebug":false,"isManualShelf":false,"keyword":"macaroni and cheese"},"adContent":{"type":"DISPLAY_AD","data":{"__typename":"DisplayAd","json":{"uuId":"d3066f84-a773-40be-b0ec-ed2da9c0bb5d","viewIVT3PURL2":"","cta":"Shop now","impTracker3PURL3":"","logoAltText":"Seventh Generation","advertiserID":"4863581687","logoImage":"https://tpc.googlesyndication.com/simgad/14045026629311928374?","viewIVT3PVendor2":"","viewIVT3PURL1":"","impTracker3PURL1":"","headline":"Plant-based cleaning","impTracker3PURL2":"","mainImage":"https://tpc.googlesyndication.com/simgad/16090368189039867307?","orderID":"2891818465","viewIVT3PVendor1":"","imageAltText":"Seventh Generation plant based cleaning products are certified a safer choice for your family.","adUnitID":"22376256993","subhead":"For a powerful clean.","IMPRESSION_URLS":["https://securepubads.g.doubleclick.net/pcs/view?xai=AKAOjstm_wdWkoP6KIwDoL4QHOrGAIlTK9NzyMMRaQ2Hx5G-kZ63oCIwjP4U1Kcw3jhiWpiDM0ISIIwD0Ls3QczVAamwC1X5p4A0h3-JBrawsgE8fpPdJ2Eu3rCu8BJ7YxLro_MG321b6vBwHqyGSmlxJPNzZIE3YHaS0vIKKRXKn-4FLOqrqCTsEi0fsLTdQGS9z3ogFoCM7utK1atvaMSslMEXqzaoDFj3PdghiUgc81mc4pHzP2UsKzxEZS63NprA2IpD15lyII2aSJbaPejAumuPT75bo00w3GcPYCiITj49LiLAfvf1EHutdRFvDF7N-yZmOVAveymuhrW1OWoWou3SeDLIQSZhMA\u0026sai=AMfl-YR0y8qIW5u3j1CxEsrl2YrSqGL3yg8zy3l_xHUg6wAl01DUmWCr6dBpk-XRBdxdFOVYYSx1ma80R6UpU_LeO0f8O4AIWad1Bwm-8OPXbjkShoDiCbU\u0026sig=Cg0ArKJSzBxPu5SOoEdGEAE\u0026urlfix=1\u0026adurl="],"DEST_URL":"https://adclick.g.doubleclick.net/pcs/click?xai=AKAOjstUySDLTlLNeIgS64HMj3kZ14__B5wzlLq_xUBtMpc3hdqBy_unOp5O4A4hn0pf3H7Hf9BInCzsI7VPusYPqi43QXVyGvQmrm5IBv-m07sSucjKKP5EEVWR2003MHcwlvt7xz5wpdz17Q6I5BOhhisWE1mPpzShJE3UFTSUyQnQJzvlWO-ICTWbv8ZDfXeb3prUaaC5zgc2jRj_aTKRdA3qyOiQyPYmmfF3Zb-Vg6Gk51uyaSAF61_KRy6oidrC0C0lAI7mQbNKW84tkVZQ7gyMLuk5fI0HECiSsbs20xQqtxbaIYkrxJuSkq5WfqcBbl2dwnvY5aj6M1FD40i0SA0\u0026sai=AMfl-YTIQjOxx4ZswKUDEOSpI2tby1tpdubT0JdcZW-KwnHnoBtdNmr7BR-_Ig2R7C3HJ2NWBvrTH55xE3kxMlip8blervjJ3isgQlbEWdHA\u0026sig=Cg0ArKJSzNqhKzSBK3WIEAE\u0026fbs_aeid=[gw_fbsaeid]\u0026urlfix=1\u0026adurl=https://www.walmart.com/browse/built-for-better-unilever/0/0%3F_refineresult%3Dtrue%26_be_shelf_id%3D6965560%26search_sort%3D100%26facet%3Dshelf_id%253A6965560","metaData":{"custom_template_id":"12009286","cacheBuster":1634263130924,"dfpParams":{"correlator":"105651016610","native_custom_templates":"12009286,11759350,12050531,11759350","userAgent":"Mozilla/5.0 (Windows NT 10.0; Win64; x64) AppleWebKit/537.36 (KHTML, like Gecko) Chrome/94.0.4606.81 Safari/537.36","clientIp":"24.242.57.82","dfpTag":"/55875582/WMUS/search/food/pantry/boxedmealssidedishes/macaronicheese","targeting":{"env":"prod","ivt":"","correlator":"iAeBfcuI8YkaCUSQmN0lilXkfO_ObuAcvX70","ptype":"search","login":"no","s2s":"true","framework":"glass","wmppid":"d1fd2bb3fb46e62d22d25f683bfb3e8e3d49b849c4810fb2754d381a47371d59","usrTax":"976759_976794_5614446_6189969","categoryId":"6189969","catPathName":"Food/Pantry/Boxed Meals \u0026 Side Dishes/Macaroni \u0026 Cheese","xpa":"CrlKe,LVOQy,Lqf76,OcF91,Si9iN,_51B3,hmexM,iYZS1,mFXBT,rPe7R,vE-E8,wTIF0,zgen4","vtc":"YgorzntHIaanZRL5u-_vtw","vtcBucket":"1","bstc":"VdFoCUUTvLRpSTz0IWWRgQ","ivtTorbot":"zinc=???SBC?????E???JADHI@AF????; asn=11427; country=US; usertype=residential;","ivtScore":"0","location":"skyline1","tile":"1","search":"mac and cheese","sessId":"d3066f84-a773-40be-b0ec-ed2da9c0bb5d-skyline1"}},"dfpResponse":{"googleLineitemId":"5762446534","googleCreativeId":"138364367334"},"isInternal":false,"beaconDebug":{"ip":"24.242.57.82","forwardedIP":"24.242.57.82","cacheBuster":1634263130924}}},"status":"SUCCESS"}}}}},"bottomZone2":{"name":"Sponsored Product Carousel - rweb","version":2,"type":"SponsoredProductCarousel","moduleId":"304f501d-075d-4a59-89aa-6e23bf0fdb64","schedule":{"priority":1},"matchedTrigger":{"zone":"bottomZone2"},"configs":{"__typename":"TempoWM_GLASSWWWSponsoredProductCarouselConfigs","_rawConfigs":{"title":"Products you may also like","moduleLocation":"bottom","lazy":"1000"}}}},"layoutContainerData":{"type":"container","flow":"vertical","content":[{"type":"container","flow":"vertical","content":{"type":"slot","id":"top","mapping":[{"type":"ZONE","options":{"refId":"topZone1"}},{"type":"ZONE","options":{"refId":"topZone2"}},{"type":"ZONE","options":{"refId":"topZone3"}},{"type":"ZONE","options":{"refId":"pillsTopZone"}},{"type":"ZONE","options":{"refId":"topZone4"}},{"type":"ZONE","options":{"refId":"topZone5"}},{"type":"ZONE","options":{"refId":"topZone6"}},{"type":"ZONE","options":{"refId":"topZone7"}}]}},{"type":"container","flow":"vertical","content":{"type":"slot","id":"stacks","mapping":[{"type":"EXTERNAL","options":{"refId":"stacks1","tempoLabel":"Stacks Zone","displayInTempo":true}},{"type":"ZONE","options":{"refId":"bottomZone1"}},{"type":"ZONE","options":{"refId":"bottomZone2"}},{"type":"ZONE","options":{"refId":"bottomZone3"}},{"type":"ZONE","options":{"refId":"bottomZone4"}},{"type":"ZONE","options":{"refId":"bottomZone5"}}]}}]},"searchResult":{"title":"Results for \"mac and cheese\"","aggregatedCount":161,"breadCrumb":null,"debug":{"sisUrl":"http://search-interface.walmart.net/v1/search?query=mac%20and%20cheese\u0026facet=fulfillment_method%3AIn-store\u0026stores=999\u0026cat_id=\u0026sort=best_match\u0026page=4\u0026min_price=\u0026max_price=\u0026spelling=true\u0026ptss=\u0026trsp=\u0026prg=desktop\u0026affinityOverride=store_led\u0026storeSlotBooked=\u0026stateOrProvinceCode=TX\u0026ps=40\u0026zipcode=78242\u0026recall_set=\u0026inCatchment=true\u0026latitude=29.3531\u0026longitude=-98.614\u0026extended_zipcode=78242\u0026addressId="},"itemStacks":[{"displayMessage":null,"meta":{"adsBeacon":{"adUuid":"sDYSNSwtWJD7I61oGwkW5UJv5N-aNPpdSLFs","moduleInfo":"{\"adUuid\":\"sDYSNSwtWJD7I61oGwkW5UJv5N-aNPpdSLFs\"}","max_ads":8},"query":"mac and cheese","stackId":0,"stackType":"STORE_LED","title":null,"layoutEnum":"GRID","totalItemCount":null,"totalItemCountDisplay":null,"viewAllParams":null},"itemsV2":null,"title":"","totalItemCountDisplay":"","count":0,"items":[{"__typename":"Product","availabilityStatusDisplayValue":"In stock","productLocationDisplayValue":"A16","externalInfoUrl":"","canonicalUrl":"/ip/Daiya-Vegan-Gluten-Free-Cheese-Herbs-Macaroni-Cheese-10-6-Oz/464604554?fulfillmentIntent=In-store","canAddToCart":true,"showOptions":false,"description":"Daiya foods - cheezy mac - four cheese with herbs - cs of 8 - 10.6 oz.country of origin : united statesis gluten free : yesis gmo free : yesis kosher : yesis vegan : yessize : 10.6 ozpack of :","flag":"","fulfillmentBadges":["Pickup","Delivery","2-day shipping"],"fulfillmentIcon":{"key":"SAVE_WITH_W_PLUS","label":"Save with"},"fulfillmentBadge":"","fulfillmentSpeed":[],"fulfillmentType":"STORE","id":"2M82DM54OS8Y","usItemId":"464604554","image":"https://i5.walmartimages.com/asr/e8ddd10b-ebca-4715-9509-64613f1c35a9.f7e98e930262891f2939b285568df87c.jpeg?odnHeight=180\u0026odnWidth=180\u0026odnBg=ffffff","isOutOfStock":false,"esrb":"","mediaRating":"","name":"Daiya Vegan, Gluten-Free Cheese, Herbs Macaroni \u0026 Cheese, 10.6 Oz","price":3.97,"preOrder":{"isPreOrder":false,"preOrderMessage":null,"preOrderStreetDateMessage":null},"priceInfo":{"itemPrice":"$65.91","linePrice":"$3.97","wasPrice":"$65.91","unitPrice":"37.5 ¢/oz","shipPrice":"","minPriceForVariant":"","subscriptionPrice":"","subscriptionString":"","priceDisplayCondition":"","finalCostByWeight":false,"submapType":""},"rating":{"averageRating":0,"numberOfReviews":0},"salesUnit":"EACH","variantList":[],"isVariantTypeSwatch":false,"brand":null,"manufacturerName":null,"offerId":"04FF1B42829541A897B30F78ABF35CB0","fitmentLabel":"","isAtfMarker":false,"sellerId":"F55CDC31AB754BB68FE0B39041159D63","sellerName":"Walmart.com","hasSellerBadge":null,"seller":{"name":"Walmart.com","sellerId":"F55CDC31AB754BB68FE0B39041159D63"},"sponsoredProduct":null},{"__typename":"Product","availabilityStatusDisplayValue":"In stock","productLocationDisplayValue":null,"externalInfoUrl":"","canonicalUrl":"/ip/Amy-s-Frozen-Bowls-Chili-Mac-Gluten-Free-9-Ounce/47502363?fulfillmentIntent=In-store","canAddToCart":true,"showOptions":false,"description":"\u003cli\u003eMade with organic rice pasta, tomatoes and beans\u003c/li\u003e\u003cli\u003eKosher, Gluten Free, Tree Nut Free\u003c/li\u003e\u003cli\u003eConvenient and easy to prepare, simply heat and serve!\u003c/li\u003e","flag":"","fulfillmentBadges":["Pickup","Delivery"],"fulfillmentIcon":{"key":"SAVE_WITH_W_PLUS","label":"Save with"},"fulfillmentBadge":"","fulfillmentSpeed":[],"fulfillmentType":"STORE","id":"1Y3MH9DHZ5CK","usItemId":"47502363","image":"https://i5.walmartimages.com/asr/b28ca673-4f2f-41a0-870b-116e48dd32ea.1ad4565e11b641a4a340b55dd937cc74.png?odnHeight=180\u0026odnWidth=180\u0026odnBg=ffffff","isOutOfStock":false,"esrb":"","mediaRating":"","name":"Amy's Frozen Bowls, Chili Mac, Gluten Free, 9-Ounce","price":4.17,"preOrder":{"isPreOrder":false,"preOrderMessage":null,"preOrderStreetDateMessage":null},"priceInfo":{"itemPrice":"","linePrice":"$4.17","wasPrice":"","unitPrice":"46.3 ¢/oz","shipPrice":"","minPriceForVariant":"","subscriptionPrice":"","subscriptionString":"","priceDisplayCondition":"","finalCostByWeight":false,"submapType":""},"rating":{"averageRating":0,"numberOfReviews":0},"salesUnit":"EACH","variantList":[],"isVariantTypeSwatch":false,"brand":null,"manufacturerName":null,"offerId":"6FB0BDF9F2134A66921492A775801C0A","fitmentLabel":"","isAtfMarker":false,"sellerId":"F55CDC31AB754BB68FE0B39041159D63","sellerName":"Walmart.com","hasSellerBadge":null,"seller":{"name":"Walmart.com","sellerId":"F55CDC31AB754BB68FE0B39041159D63"},"sponsoredProduct":null},{"__typename":"Product","availabilityStatusDisplayValue":"In stock","productLocationDisplayValue":"A16","externalInfoUrl":"","canonicalUrl":"/ip/Knorr-Chicken-Pasta-Sides-No-Artificial-Flavors-No-Preservatives-No-Added-MSG-4-3-oz/10307833?fulfillmentIntent=In-store","canAddToCart":true,"showOptions":false,"description":"Knorr Pasta Sides Chicken is a side dish that enhances meals with amazing flavor.","flag":"","fulfillmentBadges":["Pickup","Delivery"],"fulfillmentIcon":{"key":"SAVE_WITH_W_PLUS","label":"Save with"},"fulfillmentBadge":"","fulfillmentSpeed":[],"fulfillmentType":"STORE","id":"50XV1ZLMNOHW","usItemId":"10307833","image":"https://i5.walmartimages.com/asr/c660c446-3769-4c00-8441-40b1953130b9.39bc92ae1e29968a523cd96e6e10a220.jpeg?odnHeight=180\u0026odnWidth=180\u0026odnBg=ffffff","isOutOfStock":false,"esrb":"","mediaRating":"","name":"Knorr Chicken Pasta Sides No Artificial Flavors, No Preservatives, No Added MSG 4.3 oz","price":1,"preOrder":{"isPreOrder":false,"preOrderMessage":null,"preOrderStreetDateMessage":null},"priceInfo":{"itemPrice":"","linePrice":"$1.00","wasPrice":"","unitPrice":"23.3 ¢/oz","shipPrice":"","minPriceForVariant":"","subscriptionPrice":"","subscriptionString":"","priceDisplayCondition":"","finalCostByWeight":false,"submapType":""},"rating":{"averageRating":0,"numberOfReviews":0},"salesUnit":"EACH","variantList":[],"isVariantTypeSwatch":false,"brand":null,"manufacturerName":null,"offerId":"DA331F5A249C4BF5AC139C5A1E437227","fitmentLabel":"","isAtfMarker":false,"sellerId":"F55CDC31AB754BB68FE0B39041159D63","sellerName":"Walmart.com","hasSellerBadge":null,"seller":{"name":"Walmart.com","sellerId":"F55CDC31AB754BB68FE0B39041159D63"},"sponsoredProduct":null},{"__typename":"Product","availabilityStatusDisplayValue":"In stock","productLocationDisplayValue":"A40","externalInfoUrl":"","canonicalUrl":"/ip/HORMEL-Homestyle-Meatloaf-with-Tomato-Sauce-15-oz/10290961?fulfillmentIntent=In-store","canAddToCart":true,"showOptions":false,"description":"\u003cli\u003eTraditional flavor of a homestyle meal\u003c/li\u003e\u003cli\u003eEasy and quick way to serve dinner\u003c/li\u003e\u003cli\u003e15-oz. meatloaf topped with tomato sauce\u003c/li\u003e","flag":"","fulfillmentBadges":["Pickup","Delivery"],"fulfillmentIcon":{"key":"SAVE_WITH_W_PLUS","label":"Save with"},"fulfillmentBadge":"","fulfillmentSpeed":[],"fulfillmentType":"STORE","id":"2QTDH0PP584G","usItemId":"10290961","image":"https://i5.walmartimages.com/asr/79d44fec-82f9-4d2c-b593-d99fedc7e778_3.04884353661f334438ccd1365265c120.jpeg?odnHeight=180\u0026odnWidth=180\u0026odnBg=ffffff","isOutOfStock":false,"esrb":"","mediaRating":"","name":"HORMEL Homestyle Meatloaf with Tomato Sauce, 15 oz","price":6.28,"preOrder":{"isPreOrder":false,"preOrderMessage":null,"preOrderStreetDateMessage":null},"priceInfo":{"itemPrice":"","linePrice":"$6.28","wasPrice":"","unitPrice":"41.9 ¢/oz","shipPrice":"","minPriceForVariant":"","subscriptionPrice":"","subscriptionString":"","priceDisplayCondition":"","finalCostByWeight":false,"submapType":""},"rating":{"averageRating":0,"numberOfReviews":0},"salesUnit":"EACH","variantList":[],"isVariantTypeSwatch":false,"brand":null,"manufacturerName":null,"offerId":"2133872B51AE410F89DC2C71A9A1C3FA","fitmentLabel":"","isAtfMarker":false,"sellerId":"F55CDC31AB754BB68FE0B39041159D63","sellerName":"Walmart.com","hasSellerBadge":null,"seller":{"name":"Walmart.com","sellerId":"F55CDC31AB754BB68FE0B39041159D63"},"sponsoredProduct":null},{"__typename":"Product","availabilityStatusDisplayValue":"In stock","productLocationDisplayValue":"A5","externalInfoUrl":"","canonicalUrl":"/ip/Lean-Cuisine-Favorites-Five-Cheese-Rigatoni-Frozen-Meal-10-oz/12166184?fulfillmentIntent=In-store","canAddToCart":true,"showOptions":false,"description":"\u003cli\u003eEnjoy an entree that's ready in minutes with Lean Cuisine Favorites Five Cheese Rigatoni Frozen Meal. This pasta meal includes rigatoni pasta in a sweet tomato sauce topped with a five cheese\u003c/li\u003e","flag":"","fulfillmentBadges":["Pickup","Delivery"],"fulfillmentIcon":{"key":"SAVE_WITH_W_PLUS","label":"Save with"},"fulfillmentBadge":"","fulfillmentSpeed":[],"fulfillmentType":"STORE","id":"6B7W266P1LJA","usItemId":"12166184","image":"https://i5.walmartimages.com/asr/a250fa67-b1c5-4519-85e0-3d7a25299d6a.045e4772d850ae75ca09e5b4c8226826.jpeg?odnHeight=180\u0026odnWidth=180\u0026odnBg=ffffff","isOutOfStock":false,"esrb":"","mediaRating":"","name":"Lean Cuisine Favorites Five Cheese Rigatoni Frozen Meal 10 oz.","price":2.08,"preOrder":{"isPreOrder":false,"preOrderMessage":null,"preOrderStreetDateMessage":null},"priceInfo":{"itemPrice":"","linePrice":"$2.08","wasPrice":"","unitPrice":"20.8 ¢/oz","shipPrice":"","minPriceForVariant":"","subscriptionPrice":"","subscriptionString":"","priceDisplayCondition":"","finalCostByWeight":false,"submapType":""},"rating":{"averageRating":0,"numberOfReviews":0},"salesUnit":"EACH","variantList":[],"isVariantTypeSwatch":false,"brand":null,"manufacturerName":null,"offerId":"14F6C8765D9C4845A6ACE531AF778C96","fitmentLabel":"","isAtfMarker":false,"sellerId":"F55CDC31AB754BB68FE0B39041159D63","sellerName":"Walmart.com","hasSellerBadge":null,"seller":{"name":"Walmart.com","sellerId":"F55CDC31AB754BB68FE0B39041159D63"},"sponsoredProduct":null},{"__typename":"Product","availabilityStatusDisplayValue":"In stock","productLocationDisplayValue":"A5","externalInfoUrl":"","canonicalUrl":"/ip/Lean-Cuisine-Favorites-Cheese-Ravioli-Frozen-Meal-8-5-oz/10804814?fulfillmentIntent=In-store","canAddToCart":true,"showOptions":false,"description":"\u003cli\u003eEnjoy an entree that's ready in minutes with Lean Cuisine Favorites Cheese Ravioli Frozen Meal. The cook and serve Lean Cuisine meals include cheese ravioli pasta in chunky tomato sauce.\u003c/li\u003e","flag":"","fulfillmentBadges":["Pickup","Delivery"],"fulfillmentIcon":{"key":"SAVE_WITH_W_PLUS","label":"Save with"},"fulfillmentBadge":"","fulfillmentSpeed":[],"fulfillmentType":"STORE","id":"3CRMBCGZWSIW","usItemId":"10804814","image":"https://i5.walmartimages.com/asr/0689abff-c7f3-42d1-8aff-7bb2cd33fff8.91fddc2b7fef429380fa41e4854cf0bb.jpeg?odnHeight=180\u0026odnWidth=180\u0026odnBg=ffffff","isOutOfStock":false,"esrb":"","mediaRating":"","name":"Lean Cuisine Favorites Cheese Ravioli Frozen Meal 8.5 oz.","price":2.08,"preOrder":{"isPreOrder":false,"preOrderMessage":null,"preOrderStreetDateMessage":null},"priceInfo":{"itemPrice":"","linePrice":"$2.08","wasPrice":"","unitPrice":"24.5 ¢/oz","shipPrice":"","minPriceForVariant":"","subscriptionPrice":"","subscriptionString":"","priceDisplayCondition":"","finalCostByWeight":false,"submapType":""},"rating":{"averageRating":0,"numberOfReviews":0},"salesUnit":"EACH","variantList":[],"isVariantTypeSwatch":false,"brand":null,"manufacturerName":null,"offerId":"66BC733ECA3246FBA71E038AFE0F0800","fitmentLabel":"","isAtfMarker":false,"sellerId":"F55CDC31AB754BB68FE0B39041159D63","sellerName":"Walmart.com","hasSellerBadge":null,"seller":{"name":"Walmart.com","sellerId":"F55CDC31AB754BB68FE0B39041159D63"},"sponsoredProduct":null},{"__typename":"Product","availabilityStatusDisplayValue":"In stock","productLocationDisplayValue":"A15","externalInfoUrl":"","canonicalUrl":"/ip/Barilla-Classic-Blue-Box-Pasta-Medium-Shells-16-oz/10309199?fulfillmentIntent=In-store","canAddToCart":true,"showOptions":false,"description":"\u003cli\u003eBarilla Medium Shells are crafted with the highest quality Non-GMO durum wheat semolina for a perfect \"al dente\" texture and delicious flavor.\u003c/li\u003e","flag":"","fulfillmentBadges":["Pickup","Delivery"],"fulfillmentIcon":{"key":"SAVE_WITH_W_PLUS","label":"Save with"},"fulfillmentBadge":"","fulfillmentSpeed":[],"fulfillmentType":"STORE","id":"4Q6FQMCM93I1","usItemId":"10309199","image":"https://i5.walmartimages.com/asr/20f1f331-7654-4c83-9c69-f8f85420980b.481640edbbf06aad4e04622add211179.jpeg?odnHeight=180\u0026odnWidth=180\u0026odnBg=ffffff","isOutOfStock":false,"esrb":"","mediaRating":"","name":"Barilla Classic Blue Box Pasta Medium Shells 16 oz","price":1.28,"preOrder":{"isPreOrder":false,"preOrderMessage":null,"preOrderStreetDateMessage":null},"priceInfo":{"itemPrice":"","linePrice":"$1.28","wasPrice":"","unitPrice":"8.0 ¢/oz","shipPrice":"","minPriceForVariant":"","subscriptionPrice":"","subscriptionString":"","priceDisplayCondition":"","finalCostByWeight":false,"submapType":""},"rating":{"averageRating":4.7857,"numberOfReviews":14},"salesUnit":"EACH","variantList":[],"isVariantTypeSwatch":false,"brand":null,"manufacturerName":null,"offerId":"A3A66CDBD0FB41879803C634432E503D","fitmentLabel":"","isAtfMarker":false,"sellerId":"F55CDC31AB754BB68FE0B39041159D63","sellerName":"Walmart.com","hasSellerBadge":null,"seller":{"name":"Walmart.com","sellerId":"F55CDC31AB754BB68FE0B39041159D63"},"sponsoredProduct":null},{"__typename":"Product","availabilityStatusDisplayValue":"In stock","productLocationDisplayValue":"A16","externalInfoUrl":"","canonicalUrl":"/ip/WOLF-BRAND-Chili-No-Beans-Chili-Without-Beans-24-oz/10318323?fulfillmentIntent=In-store","canAddToCart":true,"showOptions":false,"description":"\u003cli\u003e24-oz. can of chili without beans\u003c/li\u003e\u003cli\u003eGround beef and pork simmered a blend of spices\u003c/li\u003e\u003cli\u003eStovetop or microwave dinners\u003c/li\u003e","flag":"","fulfillmentBadges":["Pickup","Delivery"],"fulfillmentIcon":{"key":"SAVE_WITH_W_PLUS","label":"Save with"},"fulfillmentBadge":"","fulfillmentSpeed":[],"fulfillmentType":"STORE","id":"2BXNNJEBLVJW","usItemId":"10318323","image":"https://i5.walmartimages.com/asr/4889d1f2-1e34-459e-932e-8ac1c0023d77_1.4c9b167866782ab8c06842951f7858a2.jpeg?odnHeight=180\u0026odnWidth=180\u0026odnBg=ffffff","isOutOfStock":false,"esrb":"","mediaRating":"","name":"WOLF BRAND Chili No Beans, Chili Without Beans, 24 oz.","price":3.12,"preOrder":{"isPreOrder":false,"preOrderMessage":null,"preOrderStreetDateMessage":null},"priceInfo":{"itemPrice":"","linePrice":"$3.12","wasPrice":"","unitPrice":"13.0 ¢/oz","shipPrice":"","minPriceForVariant":"","subscriptionPrice":"","subscriptionString":"","priceDisplayCondition":"","finalCostByWeight":false,"submapType":""},"rating":{"averageRating":0,"numberOfReviews":0},"salesUnit":"EACH","variantList":[],"isVariantTypeSwatch":false,"brand":null,"manufacturerName":null,"offerId":"1A4C3ACB4B6747F6A37C68F16AAF084E","fitmentLabel":"","isAtfMarker":false,"sellerId":"F55CDC31AB754BB68FE0B39041159D63","sellerName":"Walmart.com","hasSellerBadge":null,"seller":{"name":"Walmart.com","sellerId":"F55CDC31AB754BB68FE0B39041159D63"},"sponsoredProduct":null},{"__typename":"Product","availabilityStatusDisplayValue":"In stock","productLocationDisplayValue":"A16","externalInfoUrl":"","canonicalUrl":"/ip/Great-Value-Artisan-Crafted-Cheeseburger-12-8-oz/115718174?fulfillmentIntent=In-store","canAddToCart":true,"showOptions":false,"description":"\u003ctable border=\"0\" cellpadding=\"0\" cellspacing=\"0\" width=\"446\" style=\"width: 335pt;\"\u003e\u003ctbody\u003e\u003ctr height=\"19\" style=\"height:14.25pt\"\u003e\u003ctd height=\"19\" width=\"446\" style=\"height:14.25pt;width:335pt\"\u003eGreat\u003c/td\u003e\u003c/tr\u003e\u003c/tbody\u003e\u003c/table\u003e","flag":"","fulfillmentBadges":["Pickup","Delivery"],"fulfillmentIcon":{"key":"SAVE_WITH_W_PLUS","label":"Save with"},"fulfillmentBadge":"","fulfillmentSpeed":[],"fulfillmentType":"STORE","id":"6686OXSEOQQW","usItemId":"115718174","image":"https://i5.walmartimages.com/asr/16021ecf-5bc8-4cce-b4bb-4331f37b237a_2.876261d803b8cb0a97e843afab5bfc11.jpeg?odnHeight=180\u0026odnWidth=180\u0026odnBg=ffffff","isOutOfStock":false,"esrb":"","mediaRating":"","name":"Great Value Artisan Crafted Cheeseburger, 12.8 oz","price":1.92,"preOrder":{"isPreOrder":false,"preOrderMessage":null,"preOrderStreetDateMessage":null},"priceInfo":{"itemPrice":"","linePrice":"$1.92","wasPrice":"","unitPrice":"15.0 ¢/oz","shipPrice":"","minPriceForVariant":"","subscriptionPrice":"","subscriptionString":"","priceDisplayCondition":"","finalCostByWeight":false,"submapType":""},"rating":{"averageRating":0,"numberOfReviews":0},"salesUnit":"EACH","variantList":[],"isVariantTypeSwatch":false,"brand":null,"manufacturerName":null,"offerId":"59C28AF6B54E4EE1B4D8CCCAD2DEE7F7","fitmentLabel":"","isAtfMarker":false,"sellerId":"F55CDC31AB754BB68FE0B39041159D63","sellerName":"Walmart.com","hasSellerBadge":null,"seller":{"name":"Walmart.com","sellerId":"F55CDC31AB754BB68FE0B39041159D63"},"sponsoredProduct":null},{"__typename":"Product","availabilityStatusDisplayValue":"In stock","productLocationDisplayValue":"A7","externalInfoUrl":"","canonicalUrl":"/ip/Sweet-Earth-Cauliflower-Mac-Bowl-Frozen-Dinner-9-oz/467872523?fulfillmentIntent=In-store","canAddToCart":true,"showOptions":false,"description":"\u003cli\u003eEnjoy a perfect lunch, snack or dinner with the Sweet Earth Cauliflower Mac Bowl Frozen Dinner. This vegan mac bowl features vegan cauliflower cream sauce, sweet potatoes, parmesan-style cheese\u003c/li\u003e","flag":"","fulfillmentBadges":["Pickup","Delivery"],"fulfillmentIcon":{"key":"SAVE_WITH_W_PLUS","label":"Save with"},"fulfillmentBadge":"","fulfillmentSpeed":[],"fulfillmentType":"STORE","id":"1EGAIREQ3MAR","usItemId":"467872523","image":"https://i5.walmartimages.com/asr/80b2fe85-ca3e-42c9-a5cc-5a546e2f9b78.368d7bd9f1ae08aec5a9de3abfff4322.jpeg?odnHeight=180\u0026odnWidth=180\u0026odnBg=ffffff","isOutOfStock":false,"esrb":"","mediaRating":"","name":"Sweet Earth Cauliflower Mac Bowl Frozen Dinner 9 oz.","price":3.98,"preOrder":{"isPreOrder":false,"preOrderMessage":null,"preOrderStreetDateMessage":null},"priceInfo":{"itemPrice":"","linePrice":"$3.98","wasPrice":"","unitPrice":"44.2 ¢/oz","shipPrice":"","minPriceForVariant":"","subscriptionPrice":"","subscriptionString":"","priceDisplayCondition":"","finalCostByWeight":false,"submapType":""},"rating":{"averageRating":0,"numberOfReviews":0},"salesUnit":"EACH","variantList":[],"isVariantTypeSwatch":false,"brand":null,"manufacturerName":null,"offerId":"7F976F9D06A448BEB0A5C715EA9614BE","fitmentLabel":"","isAtfMarker":true,"sellerId":"F55CDC31AB754BB68FE0B39041159D63","sellerName":"Walmart.com","hasSellerBadge":null,"seller":{"name":"Walmart.com","sellerId":"F55CDC31AB754BB68FE0B39041159D63"},"sponsoredProduct":null},{"__typename":"Product","availabilityStatusDisplayValue":"In stock","productLocationDisplayValue":"A16","externalInfoUrl":"","canonicalUrl":"/ip/Veggiecraft-Farms-Mac-Cheese-Made-with-Sweet-Potato-Pasta-2-05-oz/611461131?fulfillmentIntent=In-store","canAddToCart":true,"showOptions":false,"description":"\u003cdiv\u003e\u003cli\u003eGluten Free\u003c/li\u003e\u003cli\u003ePerfect for lunch or on the go\u003c/li\u003e\u003cli\u003eHigh Protein\u003c/li\u003e\u003cli\u003eHigh Fiber\u003c/li\u003e\u003c/div\u003e","flag":"","fulfillmentBadges":["Pickup","Delivery","3+ day shipping"],"fulfillmentIcon":{"key":"SAVE_WITH_W_PLUS","label":"Save with"},"fulfillmentBadge":"","fulfillmentSpeed":[],"fulfillmentType":"STORE","id":"14CQN6MGI203","usItemId":"611461131","image":"https://i5.walmartimages.com/asr/32224341-d166-4b9f-99cd-ab882c262322_4.852bb2e01d41044faf08a52c5d58b86d.png?odnHeight=180\u0026odnWidth=180\u0026odnBg=ffffff","isOutOfStock":false,"esrb":"","mediaRating":"","name":"Veggiecraft Farms Mac \u0026 Cheese Made with Sweet Potato Pasta, 2.05 oz.","price":1.98,"preOrder":{"isPreOrder":false,"preOrderMessage":null,"preOrderStreetDateMessage":null},"priceInfo":{"itemPrice":"","linePrice":"$1.98","wasPrice":"","unitPrice":"96.6 ¢/oz","shipPrice":"","minPriceForVariant":"","subscriptionPrice":"","subscriptionString":"","priceDisplayCondition":"","finalCostByWeight":false,"submapType":""},"rating":{"averageRating":0,"numberOfReviews":0},"salesUnit":"EACH","variantList":[],"isVariantTypeSwatch":false,"brand":null,"manufacturerName":null,"offerId":"4526168BB6814219BAC112057077E554","fitmentLabel":"","isAtfMarker":false,"sellerId":"F55CDC31AB754BB68FE0B39041159D63","sellerName":"Walmart.com","hasSellerBadge":null,"seller":{"name":"Walmart.com","sellerId":"F55CDC31AB754BB68FE0B39041159D63"},"sponsoredProduct":null},{"__typename":"Product","availabilityStatusDisplayValue":"In stock","productLocationDisplayValue":"A16","externalInfoUrl":"","canonicalUrl":"/ip/Hormel-Chili-No-Beans-38-Ounce/16224452?fulfillmentIntent=In-store","canAddToCart":true,"showOptions":false,"description":"Hormel Chili No Beans, 38 Ounce","flag":"","fulfillmentBadges":["Pickup","Delivery"],"fulfillmentIcon":{"key":"SAVE_WITH_W_PLUS","label":"Save with"},"fulfillmentBadge":"","fulfillmentSpeed":[],"fulfillmentType":"STORE","id":"4NPX2STPLJDY","usItemId":"16224452","image":"https://i5.walmartimages.com/asr/be775af0-394b-4e43-85ac-af98f1cd7c33.5d77be6e680ebc5cbc43b5ae201beb2b.jpeg?odnHeight=180\u0026odnWidth=180\u0026odnBg=ffffff","isOutOfStock":false,"esrb":"","mediaRating":"","name":"Hormel Chili No Beans, 38 Ounce","price":4.97,"preOrder":{"isPreOrder":false,"preOrderMessage":null,"preOrderStreetDateMessage":null},"priceInfo":{"itemPrice":"","linePrice":"$4.97","wasPrice":"","unitPrice":"","shipPrice":"","minPriceForVariant":"","subscriptionPrice":"","subscriptionString":"","priceDisplayCondition":"","finalCostByWeight":false,"submapType":""},"rating":{"averageRating":0,"numberOfReviews":0},"salesUnit":"EACH","variantList":[],"isVariantTypeSwatch":false,"brand":null,"manufacturerName":null,"offerId":"0F02CF76A0444C93A812CCE97D93B3B4","fitmentLabel":"","isAtfMarker":false,"sellerId":"F55CDC31AB754BB68FE0B39041159D63","sellerName":"Walmart.com","hasSellerBadge":null,"seller":{"name":"Walmart.com","sellerId":"F55CDC31AB754BB68FE0B39041159D63"},"sponsoredProduct":null},{"__typename":"MarqueePlaceholder","type":"MarqueeDisplayAd","moduleLocation":"marquee1","lazy":"0"},{"__typename":"Product","availabilityStatusDisplayValue":"In stock","productLocationDisplayValue":"A5","externalInfoUrl":"","canonicalUrl":"/ip/Night-Hawk-Steak-N-Mac-Frozen-Dinner-7-05-oz-Box/10849587?fulfillmentIntent=In-store","canAddToCart":true,"showOptions":false,"description":"\u003cli\u003eMacaroni and cheese, charbroiled chopped beef with steak sauce\u003c/li\u003e\u003cli\u003eExcellent source of protein\u003c/li\u003e","flag":"","fulfillmentBadges":["Pickup","Delivery"],"fulfillmentIcon":{"key":"SAVE_WITH_W_PLUS","label":"Save with"},"fulfillmentBadge":"","fulfillmentSpeed":[],"fulfillmentType":"STORE","id":"17RW9JOKQ1KV","usItemId":"10849587","image":"https://i5.walmartimages.com/asr/8481e112-34af-4838-8e3a-d2dfb66acd69_1.83e881c8a1a7785c0cb243100de4e7ab.jpeg?odnHeight=180\u0026odnWidth=180\u0026odnBg=ffffff","isOutOfStock":false,"esrb":"","mediaRating":"","name":"Night Hawk Steak 'N Mac Frozen Dinner 7.05 oz. Box","price":2.78,"preOrder":{"isPreOrder":false,"preOrderMessage":null,"preOrderStreetDateMessage":null},"priceInfo":{"itemPrice":"","linePrice":"$2.78","wasPrice":"","unitPrice":"39.4 ¢/oz","shipPrice":"","minPriceForVariant":"","subscriptionPrice":"","subscriptionString":"","priceDisplayCondition":"","finalCostByWeight":false,"submapType":""},"rating":{"averageRating":0,"numberOfReviews":0},"salesUnit":"EACH","variantList":[],"isVariantTypeSwatch":false,"brand":null,"manufacturerName":null,"offerId":"4B815347F30948AEB49CDD8FC9C3D373","fitmentLabel":"","isAtfMarker":false,"sellerId":"F55CDC31AB754BB68FE0B39041159D63","sellerName":"Walmart.com","hasSellerBadge":null,"seller":{"name":"Walmart.com","sellerId":"F55CDC31AB754BB68FE0B39041159D63"},"sponsoredProduct":null},{"__typename":"Product","availabilityStatusDisplayValue":"In stock","productLocationDisplayValue":"A16","externalInfoUrl":"","canonicalUrl":"/ip/Quality-Pasta-Muscle-Mac-Macaroni-Cheese-3-6-oz/278934296?fulfillmentIntent=In-store","canAddToCart":true,"showOptions":false,"description":"Muscle Mac Orig Cheddar Mac \u0026 Cheese Cup","flag":"","fulfillmentBadges":["Pickup","Delivery"],"fulfillmentIcon":{"key":"SAVE_WITH_W_PLUS","label":"Save with"},"fulfillmentBadge":"","fulfillmentSpeed":[],"fulfillmentType":"STORE","id":"4XKRFN9LXKK8","usItemId":"278934296","image":"https://i5.walmartimages.com/asr/877b4a2f-81bd-410e-b87f-27ea3ab005b3_1.9ba01c6143205ff18e8719b6a2a382f8.jpeg?odnHeight=180\u0026odnWidth=180\u0026odnBg=ffffff","isOutOfStock":false,"esrb":"","mediaRating":"","name":"Quality Pasta Muscle Mac Macaroni \u0026 Cheese, 3.6 oz","price":1.88,"preOrder":{"isPreOrder":false,"preOrderMessage":null,"preOrderStreetDateMessage":null},"priceInfo":{"itemPrice":"","linePrice":"$1.88","wasPrice":"","unitPrice":"52.2 ¢/oz","shipPrice":"","minPriceForVariant":"","subscriptionPrice":"","subscriptionString":"","priceDisplayCondition":"","finalCostByWeight":false,"submapType":""},"rating":{"averageRating":4.3,"numberOfReviews":19},"salesUnit":"EACH","variantList":[],"isVariantTypeSwatch":false,"brand":null,"manufacturerName":null,"offerId":"0A6DA8E0FE334F7B94BA30D618A369AE","fitmentLabel":"","isAtfMarker":false,"sellerId":"F55CDC31AB754BB68FE0B39041159D63","sellerName":"Walmart.com","hasSellerBadge":null,"seller":{"name":"Walmart.com","sellerId":"F55CDC31AB754BB68FE0B39041159D63"},"sponsoredProduct":null},{"__typename":"Product","availabilityStatusDisplayValue":"In stock","productLocationDisplayValue":"A16","externalInfoUrl":"","canonicalUrl":"/ip/Annie-s-White-Cheddar-Macaroni-Cheese-Microwavable-Mac-Cheese-2-ct-4-02-oz/868897394?fulfillmentIntent=In-store","canAddToCart":true,"showOptions":false,"description":"Annies 2oz 2 Mirco Cup White Cheddar","flag":"","fulfillmentBadges":["Pickup","Delivery"],"fulfillmentIcon":{"key":"SAVE_WITH_W_PLUS","label":"Save with"},"fulfillmentBadge":"","fulfillmentSpeed":[],"fulfillmentType":"STORE","id":"1Z3Y9LEHIAPW","usItemId":"868897394","image":"https://i5.walmartimages.com/asr/62d68413-bb65-42b1-b6f6-736458bbda0e.438f5f681a78246a1bebdd3dad6b0d7e.png?odnHeight=180\u0026odnWidth=180\u0026odnBg=ffffff","isOutOfStock":false,"esrb":"","mediaRating":"","name":"Annie's White Cheddar Macaroni \u0026 Cheese, Microwavable Mac \u0026 Cheese, 2 ct 4.02 oz","price":2.48,"preOrder":{"isPreOrder":false,"preOrderMessage":null,"preOrderStreetDateMessage":null},"priceInfo":{"itemPrice":"","linePrice":"$2.48","wasPrice":"","unitPrice":"61.7 ¢/oz","shipPrice":"","minPriceForVariant":"","subscriptionPrice":"","subscriptionString":"","priceDisplayCondition":"","finalCostByWeight":false,"submapType":""},"rating":{"averageRating":0,"numberOfReviews":0},"salesUnit":"EACH","variantList":[],"isVariantTypeSwatch":false,"brand":null,"manufacturerName":null,"offerId":"EB17E862E4044B2FB792B559D46C40D3","fitmentLabel":"","isAtfMarker":false,"sellerId":"F55CDC31AB754BB68FE0B39041159D63","sellerName":"Walmart.com","hasSellerBadge":null,"seller":{"name":"Walmart.com","sellerId":"F55CDC31AB754BB68FE0B39041159D63"},"sponsoredProduct":null},{"__typename":"Product","availabilityStatusDisplayValue":"In stock","productLocationDisplayValue":"A17","externalInfoUrl":"","canonicalUrl":"/ip/Annie-s-Gluten-Free-Pasta-Dinner-Kit-Cheddar-Burger-Macaroni-and-Cheese-6-5-oz/162574416?fulfillmentIntent=In-store","canAddToCart":true,"showOptions":false,"description":"Annies Merchandise","flag":"","fulfillmentBadges":["Pickup","Delivery"],"fulfillmentIcon":{"key":"SAVE_WITH_W_PLUS","label":"Save with"},"fulfillmentBadge":"","fulfillmentSpeed":[],"fulfillmentType":"STORE","id":"4Z3YOWVI3RCX","usItemId":"162574416","image":"https://i5.walmartimages.com/asr/6e11fde1-26d0-4d8b-9ce4-86eca1039f7d.dc8420f74c2d354bb1300bcfe528788f.png?odnHeight=180\u0026odnWidth=180\u0026odnBg=ffffff","isOutOfStock":false,"esrb":"","mediaRating":"","name":"Annie's Gluten Free Pasta Dinner Kit, Cheddar Burger Macaroni and Cheese, 6.5 oz","price":2.62,"preOrder":{"isPreOrder":false,"preOrderMessage":null,"preOrderStreetDateMessage":null},"priceInfo":{"itemPrice":"","linePrice":"$2.62","wasPrice":"","unitPrice":"40.3 ¢/oz","shipPrice":"","minPriceForVariant":"","subscriptionPrice":"","subscriptionString":"","priceDisplayCondition":"","finalCostByWeight":false,"submapType":""},"rating":{"averageRating":0,"numberOfReviews":0},"salesUnit":"EACH","variantList":[],"isVariantTypeSwatch":false,"brand":null,"manufacturerName":null,"offerId":"1F620C68D53E43108BB07321806E66C6","fitmentLabel":"","isAtfMarker":false,"sellerId":"F55CDC31AB754BB68FE0B39041159D63","sellerName":"Walmart.com","hasSellerBadge":null,"seller":{"name":"Walmart.com","sellerId":"F55CDC31AB754BB68FE0B39041159D63"},"sponsoredProduct":null},{"__typename":"Product","availabilityStatusDisplayValue":"In stock","productLocationDisplayValue":"A15","externalInfoUrl":"","canonicalUrl":"/ip/Great-Value-Elbows-Pasta-16-oz/10534107?fulfillmentIntent=In-store","canAddToCart":true,"showOptions":false,"description":"\u003cli\u003e16-ounce box of classic elbow noodles\u003c/li\u003e\u003cli\u003eEnriched macaroni product\u003c/li\u003e\u003cli\u003eIdeal for pasta salads, casseroles, and traditional macaroni and cheese\u003c/li\u003e","flag":"","fulfillmentBadges":["Pickup","Delivery"],"fulfillmentIcon":{"key":"SAVE_WITH_W_PLUS","label":"Save with"},"fulfillmentBadge":"","fulfillmentSpeed":[],"fulfillmentType":"STORE","id":"602NA269ALIA","usItemId":"10534107","image":"https://i5.walmartimages.com/asr/2b7e53a0-fac1-415b-af72-52c53b2b5a1f_1.4569224705d0778e3af46444f83643da.jpeg?odnHeight=180\u0026odnWidth=180\u0026odnBg=ffffff","isOutOfStock":false,"esrb":"","mediaRating":"","name":"Great Value Elbows Pasta, 16 oz","price":0.82,"preOrder":{"isPreOrder":false,"preOrderMessage":null,"preOrderStreetDateMessage":null},"priceInfo":{"itemPrice":"","linePrice":"$0.82","wasPrice":"","unitPrice":"5.1 ¢/oz","shipPrice":"","minPriceForVariant":"","subscriptionPrice":"","subscriptionString":"","priceDisplayCondition":"","finalCostByWeight":false,"submapType":""},"rating":{"averageRating":4.8,"numberOfReviews":371},"salesUnit":"EACH","variantList":[],"isVariantTypeSwatch":false,"brand":null,"manufacturerName":null,"offerId":"22079A26BB9C49D683AFF739A57C8AE0","fitmentLabel":"","isAtfMarker":false,"sellerId":"F55CDC31AB754BB68FE0B39041159D63","sellerName":"Walmart.com","hasSellerBadge":null,"seller":{"name":"Walmart.com","sellerId":"F55CDC31AB754BB68FE0B39041159D63"},"sponsoredProduct":null},{"__typename":"Product","availabilityStatusDisplayValue":"In stock","productLocationDisplayValue":"A16","externalInfoUrl":"","canonicalUrl":"/ip/Knorr-Pasta-Sides-Dish-Cheesy-Cheddar-4-3-oz/169746072?fulfillmentIntent=In-store","canAddToCart":true,"showOptions":false,"description":"Knorr Pasta Sides Cheesy Cheddar Pasta (4.3oz) is a pasta side dish that enhances meals with amazing flavor","flag":"","fulfillmentBadges":["Pickup","Delivery"],"fulfillmentIcon":{"key":"SAVE_WITH_W_PLUS","label":"Save with"},"fulfillmentBadge":"","fulfillmentSpeed":[],"fulfillmentType":"STORE","id":"3FX1FKU53L8P","usItemId":"169746072","image":"https://i5.walmartimages.com/asr/789a0184-472c-42cb-9a91-022e47e55886.752e291ab73bf2a623a9782945d48277.jpeg?odnHeight=180\u0026odnWidth=180\u0026odnBg=ffffff","isOutOfStock":false,"esrb":"","mediaRating":"","name":"Knorr Pasta Sides Dish Cheesy Cheddar 4.3 oz","price":1,"preOrder":{"isPreOrder":false,"preOrderMessage":null,"preOrderStreetDateMessage":null},"priceInfo":{"itemPrice":"","linePrice":"$1.00","wasPrice":"","unitPrice":"23.3 ¢/oz","shipPrice":"","minPriceForVariant":"","subscriptionPrice":"","subscriptionString":"","priceDisplayCondition":"","finalCostByWeight":false,"submapType":""},"rating":{"averageRating":0,"numberOfReviews":0},"salesUnit":"EACH","variantList":[],"isVariantTypeSwatch":false,"brand":null,"manufacturerName":null,"offerId":"2B305BA8915043D3B7B308ADA84667FC","fitmentLabel":"","isAtfMarker":false,"sellerId":"F55CDC31AB754BB68FE0B39041159D63","sellerName":"Walmart.com","hasSellerBadge":null,"seller":{"name":"Walmart.com","sellerId":"F55CDC31AB754BB68FE0B39041159D63"},"sponsoredProduct":null},{"__typename":"Product","availabilityStatusDisplayValue":"In stock","productLocationDisplayValue":"A7","externalInfoUrl":"","canonicalUrl":"/ip/Field-Roast-Creamy-Mac-n-Chao-11-Oz/456774849?fulfillmentIntent=In-store","canAddToCart":true,"showOptions":false,"description":"Field Roast Grain Fr Creamy Mac 'n Chao","flag":"","fulfillmentBadges":["Pickup","Delivery"],"fulfillmentIcon":{"key":"SAVE_WITH_W_PLUS","label":"Save with"},"fulfillmentBadge":"","fulfillmentSpeed":[],"fulfillmentType":"STORE","id":"65790KB6V2PS","usItemId":"456774849","image":"https://i5.walmartimages.com/asr/c7c817ce-e132-4b98-8a15-5008e58b747d.2c05968abfea509bde760fa2f319975b.jpeg?odnHeight=180\u0026odnWidth=180\u0026odnBg=ffffff","isOutOfStock":false,"esrb":"","mediaRating":"","name":"Field Roast Creamy Mac 'n Chao, 11 Oz","price":5.54,"preOrder":{"isPreOrder":false,"preOrderMessage":null,"preOrderStreetDateMessage":null},"priceInfo":{"itemPrice":"","linePrice":"$5.54","wasPrice":"","unitPrice":"50.4 ¢/oz","shipPrice":"","minPriceForVariant":"","subscriptionPrice":"","subscriptionString":"","priceDisplayCondition":"","finalCostByWeight":false,"submapType":""},"rating":{"averageRating":4.2,"numberOfReviews":23},"salesUnit":"EACH","variantList":[],"isVariantTypeSwatch":false,"brand":null,"manufacturerName":null,"offerId":"50FE520CE12A49FDBE20C3296DE00071","fitmentLabel":"","isAtfMarker":false,"sellerId":"F55CDC31AB754BB68FE0B39041159D63","sellerName":"Walmart.com","hasSellerBadge":null,"seller":{"name":"Walmart.com","sellerId":"F55CDC31AB754BB68FE0B39041159D63"},"sponsoredProduct":null},{"__typename":"Product","availabilityStatusDisplayValue":"In stock","productLocationDisplayValue":"A15","externalInfoUrl":"","canonicalUrl":"/ip/Skinner-Elbows-Macaroni-Pasta-12-Ounce-Bag/22210349?fulfillmentIntent=In-store","canAddToCart":true,"showOptions":false,"description":"\u003cli\u003eCooks in 6-8 minutes\u003c/li\u003e\u003cli\u003eNon-GMO and no preservatives\u003c/li\u003e\u003cli\u003eGreat for mac and cheese\u003c/li\u003e\u003cli\u003eOne 12 oz. bag of Elbows\u003c/li\u003e","flag":"","fulfillmentBadges":["Pickup","Delivery","2-day shipping"],"fulfillmentIcon":{"key":"SAVE_WITH_W_PLUS","label":"Save with"},"fulfillmentBadge":"","fulfillmentSpeed":[],"fulfillmentType":"STORE","id":"1ZQQ4C5KX268","usItemId":"22210349","image":"https://i5.walmartimages.com/asr/013e38e0-92db-4fd0-9ce8-a6149b9c76d3_1.272aad809f3385ef958ef6443b533b01.jpeg?odnHeight=180\u0026odnWidth=180\u0026odnBg=ffffff","isOutOfStock":false,"esrb":"","mediaRating":"","name":"Skinner Elbows Macaroni Pasta, 12-Ounce Bag","price":0.98,"preOrder":{"isPreOrder":false,"preOrderMessage":null,"preOrderStreetDateMessage":null},"priceInfo":{"itemPrice":"","linePrice":"$0.98","wasPrice":"","unitPrice":"8.2 ¢/oz","shipPrice":"","minPriceForVariant":"","subscriptionPrice":"","subscriptionString":"","priceDisplayCondition":"","finalCostByWeight":false,"submapType":""},"rating":{"averageRating":4.5,"numberOfReviews":30},"salesUnit":"EACH","variantList":[],"isVariantTypeSwatch":false,"brand":null,"manufacturerName":null,"offerId":"ACB823B53D5A41BF857516700933574D","fitmentLabel":"","isAtfMarker":false,"sellerId":"F55CDC31AB754BB68FE0B39041159D63","sellerName":"Walmart.com","hasSellerBadge":null,"seller":{"name":"Walmart.com","sellerId":"F55CDC31AB754BB68FE0B39041159D63"},"sponsoredProduct":null},{"__typename":"Product","availabilityStatusDisplayValue":"In stock","productLocationDisplayValue":"A16","externalInfoUrl":"","canonicalUrl":"/ip/Velveeta-Shells-Cheese-with-Bacon-Shell-Pasta-Cheese-Sauce-Meal-10-3-oz-Box/15754616?fulfillmentIntent=In-store","canAddToCart":true,"showOptions":false,"description":"\u003cli\u003emacaroni and cheese\u003c/li\u003e","flag":"","fulfillmentBadges":["Pickup","Delivery","3+ day shipping"],"fulfillmentIcon":{"key":"SAVE_WITH_W_PLUS","label":"Save with"},"fulfillmentBadge":"","fulfillmentSpeed":[],"fulfillmentType":"STORE","id":"4DN9OT8V1TLV","usItemId":"15754616","image":"https://i5.walmartimages.com/asr/03ecdaf2-2919-42d1-b342-4b2421e348e5.bc5603995e243c8281b5aea3c303bde2.jpeg?odnHeight=180\u0026odnWidth=180\u0026odnBg=ffffff","isOutOfStock":false,"esrb":"","mediaRating":"","name":"Velveeta Shells \u0026 Cheese with Bacon, Shell Pasta \u0026 Cheese Sauce Meal, 10.3 oz Box","price":2.98,"preOrder":{"isPreOrder":false,"preOrderMessage":null,"preOrderStreetDateMessage":null},"priceInfo":{"itemPrice":"","linePrice":"$2.98","wasPrice":"","unitPrice":"","shipPrice":"","minPriceForVariant":"","subscriptionPrice":"","subscriptionString":"","priceDisplayCondition":"","finalCostByWeight":false,"submapType":""},"rating":{"averageRating":0,"numberOfReviews":0},"salesUnit":"EACH","variantList":[],"isVariantTypeSwatch":false,"brand":null,"manufacturerName":null,"offerId":"ED73C2AEE9464216AE72F09972424634","fitmentLabel":"","isAtfMarker":false,"sellerId":"F55CDC31AB754BB68FE0B39041159D63","sellerName":"Walmart.com","hasSellerBadge":null,"seller":{"name":"Walmart.com","sellerId":"F55CDC31AB754BB68FE0B39041159D63"},"sponsoredProduct":null},{"__typename":"Product","availabilityStatusDisplayValue":"In stock","productLocationDisplayValue":"A16","externalInfoUrl":"","canonicalUrl":"/ip/Velveeta-Shells-Cheese-with-Bacon-Cheese-Sauce-2X-the-Creamy-Pasta-Shells-Big-Bowl-Microwavable-Meal-5-oz-Tray/840044108?fulfillmentIntent=In-store","canAddToCart":true,"showOptions":false,"description":"\u003cli\u003eVelveeta, velveeta mac and cheese, velveeta bacon mac and cheese, velveeta bacon macaroni and cheesevelveeta cheese, velveeta cheese sauce, velveeta dinner, easy dinner, easy shells and cheese,\u003c/li\u003e","flag":"","fulfillmentBadges":["Pickup","Delivery"],"fulfillmentIcon":{"key":"SAVE_WITH_W_PLUS","label":"Save with"},"fulfillmentBadge":"","fulfillmentSpeed":[],"fulfillmentType":"STORE","id":"5B175M0FOZXD","usItemId":"840044108","image":"https://i5.walmartimages.com/asr/682f10b7-cd9c-4fe9-aca8-55ddaa0799b6.9236b02aae6ec447db177d7f316d9061.jpeg?odnHeight=180\u0026odnWidth=180\u0026odnBg=ffffff","isOutOfStock":false,"esrb":"","mediaRating":"","name":"Velveeta Shells \u0026 Cheese with Bacon, Cheese Sauce \u0026 2X the Creamy Pasta Shells Big Bowl Microwavable Meal, 5 oz Tray","price":2,"preOrder":{"isPreOrder":false,"preOrderMessage":null,"preOrderStreetDateMessage":null},"priceInfo":{"itemPrice":"","linePrice":"$2.00","wasPrice":"","unitPrice":"39.9 ¢/oz","shipPrice":"","minPriceForVariant":"","subscriptionPrice":"","subscriptionString":"","priceDisplayCondition":"","finalCostByWeight":false,"submapType":""},"rating":{"averageRating":0,"numberOfReviews":0},"salesUnit":"EACH","variantList":[],"isVariantTypeSwatch":false,"brand":null,"manufacturerName":null,"offerId":"05DE03292150439CA9CFBCBC148EB0E5","fitmentLabel":"","isAtfMarker":false,"sellerId":"F55CDC31AB754BB68FE0B39041159D63","sellerName":"Walmart.com","hasSellerBadge":null,"seller":{"name":"Walmart.com","sellerId":"F55CDC31AB754BB68FE0B39041159D63"},"sponsoredProduct":null},{"__typename":"Product","availabilityStatusDisplayValue":"In stock","productLocationDisplayValue":"A16","externalInfoUrl":"","canonicalUrl":"/ip/Annie-s-Bunny-Shape-Pasta-Yummy-Cheese-Macaroni-and-Cheese-6-oz/10790916?fulfillmentIntent=In-store","canAddToCart":true,"showOptions":false,"description":"\u003cli\u003eMade with organic bunny and carrot shaped cheddar pasta\u003c/li\u003e\u003cli\u003eWhole Grain Stamp: 8g or more per serving\u003c/li\u003e","flag":"","fulfillmentBadges":["Pickup","Delivery"],"fulfillmentIcon":{"key":"SAVE_WITH_W_PLUS","label":"Save with"},"fulfillmentBadge":"","fulfillmentSpeed":[],"fulfillmentType":"STORE","id":"5XBIBJ6KRYKG","usItemId":"10790916","image":"https://i5.walmartimages.com/asr/c11a7acd-4859-4c6b-beee-ce7b0c6e48db.609f138a05dceef3be869b82aef8f411.png?odnHeight=180\u0026odnWidth=180\u0026odnBg=ffffff","isOutOfStock":false,"esrb":"","mediaRating":"","name":"Annie's Bunny Shape Pasta \u0026 Yummy Cheese, Macaroni and Cheese, 6 oz","price":1.18,"preOrder":{"isPreOrder":false,"preOrderMessage":null,"preOrderStreetDateMessage":null},"priceInfo":{"itemPrice":"","linePrice":"$1.18","wasPrice":"","unitPrice":"19.7 ¢/oz","shipPrice":"","minPriceForVariant":"","subscriptionPrice":"","subscriptionString":"","priceDisplayCondition":"","finalCostByWeight":false,"submapType":""},"rating":{"averageRating":0,"numberOfReviews":0},"salesUnit":"EACH","variantList":[],"isVariantTypeSwatch":false,"brand":null,"manufacturerName":null,"offerId":"CCF5FBA1C3A04429957C1C8FB1F84037","fitmentLabel":"","isAtfMarker":false,"sellerId":"F55CDC31AB754BB68FE0B39041159D63","sellerName":"Walmart.com","hasSellerBadge":null,"seller":{"name":"Walmart.com","sellerId":"F55CDC31AB754BB68FE0B39041159D63"},"sponsoredProduct":null},{"__typename":"Product","availabilityStatusDisplayValue":"In stock","productLocationDisplayValue":"A16","externalInfoUrl":"","canonicalUrl":"/ip/Hormel-Chili-with-Beans-38-Ounce/15673599?fulfillmentIntent=In-store","canAddToCart":true,"showOptions":false,"description":"Hormel Chili with Beans, 38 Ounce","flag":"","fulfillmentBadges":["Pickup","Delivery","2-day shipping"],"fulfillmentIcon":{"key":"SAVE_WITH_W_PLUS","label":"Save with"},"fulfillmentBadge":"","fulfillmentSpeed":[],"fulfillmentType":"STORE","id":"1QNP7C9O5DON","usItemId":"15673599","image":"https://i5.walmartimages.com/asr/135e73b3-6c80-4e7c-a3d1-6a995ef3e36e.9ba853cf973c1bee1b3643d1297a60a3.jpeg?odnHeight=180\u0026odnWidth=180\u0026odnBg=ffffff","isOutOfStock":false,"esrb":"","mediaRating":"","name":"Hormel Chili with Beans, 38 Ounce","price":3.68,"preOrder":{"isPreOrder":false,"preOrderMessage":null,"preOrderStreetDateMessage":null},"priceInfo":{"itemPrice":"","linePrice":"$3.68","wasPrice":"","unitPrice":"9.7 ¢/oz","shipPrice":"","minPriceForVariant":"","subscriptionPrice":"","subscriptionString":"","priceDisplayCondition":"","finalCostByWeight":false,"submapType":""},"rating":{"averageRating":0,"numberOfReviews":0},"salesUnit":"EACH","variantList":[],"isVariantTypeSwatch":false,"brand":null,"manufacturerName":null,"offerId":"EF295ACBCEA4442AA37CC3858C0FD76F","fitmentLabel":"","isAtfMarker":false,"sellerId":"F55CDC31AB754BB68FE0B39041159D63","sellerName":"Walmart.com","hasSellerBadge":null,"seller":{"name":"Walmart.com","sellerId":"F55CDC31AB754BB68FE0B39041159D63"},"sponsoredProduct":null},{"__typename":"Product","availabilityStatusDisplayValue":"In stock","productLocationDisplayValue":"A15","externalInfoUrl":"","canonicalUrl":"/ip/Great-Value-Elbows-Pasta-32-oz/10534076?fulfillmentIntent=In-store","canAddToCart":true,"showOptions":false,"description":"\u003cli\u003eLarge 32-ounce box of classic elbow noodles\u003c/li\u003e\u003cli\u003eEnriched macaroni product\u003c/li\u003e\u003cli\u003eIdeal for pasta salads, casseroles, and traditional macaroni and cheese\u003c/li\u003e","flag":"","fulfillmentBadges":["Pickup","Delivery"],"fulfillmentIcon":{"key":"SAVE_WITH_W_PLUS","label":"Save with"},"fulfillmentBadge":"","fulfillmentSpeed":[],"fulfillmentType":"STORE","id":"2YTA0PL6FIQU","usItemId":"10534076","image":"https://i5.walmartimages.com/asr/4ea693be-13f5-41ed-b372-7a8c7c4b5646_1.ec2962ee1825e7eb6b7c15ce2f92cfae.jpeg?odnHeight=180\u0026odnWidth=180\u0026odnBg=ffffff","isOutOfStock":false,"esrb":"","mediaRating":"","name":"Great Value Elbows Pasta, 32 oz","price":1.43,"preOrder":{"isPreOrder":false,"preOrderMessage":null,"preOrderStreetDateMessage":null},"priceInfo":{"itemPrice":"","linePrice":"$1.43","wasPrice":"","unitPrice":"4.5 ¢/oz","shipPrice":"","minPriceForVariant":"","subscriptionPrice":"","subscriptionString":"","priceDisplayCondition":"","finalCostByWeight":false,"submapType":""},"rating":{"averageRating":4.8,"numberOfReviews":167},"salesUnit":"EACH","variantList":[],"isVariantTypeSwatch":false,"brand":null,"manufacturerName":null,"offerId":"99034EFB2A614B1AA30BED628BE678E0","fitmentLabel":"","isAtfMarker":false,"sellerId":"F55CDC31AB754BB68FE0B39041159D63","sellerName":"Walmart.com","hasSellerBadge":null,"seller":{"name":"Walmart.com","sellerId":"F55CDC31AB754BB68FE0B39041159D63"},"sponsoredProduct":null},{"__typename":"Product","availabilityStatusDisplayValue":"In stock","productLocationDisplayValue":"A16","externalInfoUrl":"","canonicalUrl":"/ip/Baby-Shark-Mac-Cheese/799520243?fulfillmentIntent=In-store","canAddToCart":true,"showOptions":false,"description":"Pinkfong Pmc 5.5oz Sharks","flag":"","fulfillmentBadges":["Pickup","Delivery"],"fulfillmentIcon":{"key":"SAVE_WITH_W_PLUS","label":"Save with"},"fulfillmentBadge":"","fulfillmentSpeed":[],"fulfillmentType":"STORE","id":"7EQOBBRKS57L","usItemId":"799520243","image":"https://i5.walmartimages.com/asr/a0a22842-4513-4df9-9896-82c5e02c1599.4dad409cee5ce36447cb8376e95fb824.jpeg?odnHeight=180\u0026odnWidth=180\u0026odnBg=ffffff","isOutOfStock":false,"esrb":"","mediaRating":"","name":"Baby Shark Mac \u0026 Cheese","price":0.5,"preOrder":{"isPreOrder":false,"preOrderMessage":null,"preOrderStreetDateMessage":null},"priceInfo":{"itemPrice":"","linePrice":"$0.50","wasPrice":"","unitPrice":"9.1 ¢/oz","shipPrice":"","minPriceForVariant":"","subscriptionPrice":"","subscriptionString":"","priceDisplayCondition":"","finalCostByWeight":false,"submapType":""},"rating":{"averageRating":0,"numberOfReviews":0},"salesUnit":"EACH","variantList":[],"isVariantTypeSwatch":false,"brand":null,"manufacturerName":null,"offerId":"D98973C5D5EF46688E305077CFAB1D77","fitmentLabel":"","isAtfMarker":false,"sellerId":"F55CDC31AB754BB68FE0B39041159D63","sellerName":"Walmart.com","hasSellerBadge":null,"seller":{"name":"Walmart.com","sellerId":"F55CDC31AB754BB68FE0B39041159D63"},"sponsoredProduct":null},{"__typename":"Product","availabilityStatusDisplayValue":"In stock","productLocationDisplayValue":"A16","externalInfoUrl":"","canonicalUrl":"/ip/Great-Value-Thick-Creamy-7-25oz-5pk-Mac-n-Cheese/751593026?fulfillmentIntent=In-store","canAddToCart":true,"showOptions":false,"description":"Great Value Gv Thk\u0026crmy 7.25oz 5pk","flag":"","fulfillmentBadges":["Pickup","Delivery"],"fulfillmentIcon":{"key":"SAVE_WITH_W_PLUS","label":"Save with"},"fulfillmentBadge":"","fulfillmentSpeed":[],"fulfillmentType":"STORE","id":"2KZ7W1OSEFD8","usItemId":"751593026","image":"https://i5.walmartimages.com/asr/01077f60-9216-484f-a904-1293c7314d87.fae5a68a78f1f43e48965cb2f20cfd3b.jpeg?odnHeight=180\u0026odnWidth=180\u0026odnBg=ffffff","isOutOfStock":false,"esrb":"","mediaRating":"","name":"Great Value  Thick \u0026 Creamy 7.25oz 5pk Mac 'n Cheese","price":2,"preOrder":{"isPreOrder":false,"preOrderMessage":null,"preOrderStreetDateMessage":null},"priceInfo":{"itemPrice":"","linePrice":"$2.00","wasPrice":"","unitPrice":"5.5 ¢/oz","shipPrice":"","minPriceForVariant":"","subscriptionPrice":"","subscriptionString":"","priceDisplayCondition":"","finalCostByWeight":false,"submapType":""},"rating":{"averageRating":0,"numberOfReviews":0},"salesUnit":"EACH","variantList":[],"isVariantTypeSwatch":false,"brand":null,"manufacturerName":null,"offerId":"A379946505524C54B035FA96158448CF","fitmentLabel":"","isAtfMarker":false,"sellerId":"F55CDC31AB754BB68FE0B39041159D63","sellerName":"Walmart.com","hasSellerBadge":null,"seller":{"name":"Walmart.com","sellerId":"F55CDC31AB754BB68FE0B39041159D63"},"sponsoredProduct":null},{"__typename":"Product","availabilityStatusDisplayValue":"In stock","productLocationDisplayValue":"A15","externalInfoUrl":"","canonicalUrl":"/ip/Great-Value-Shells-Pasta-16-oz/10534077?fulfillmentIntent=In-store","canAddToCart":true,"showOptions":false,"description":"\u003cli\u003ePerfect for your family's favorite pasta dinner\u003c/li\u003e\u003cli\u003eJust add to boiling hot water and add your favorite ingredients\u003c/li\u003e\u003cli\u003eDelicious hot with tomato basil sauce, covered in cheese, or as a\u003c/li\u003e","flag":"","fulfillmentBadges":["Pickup","Delivery"],"fulfillmentIcon":{"key":"SAVE_WITH_W_PLUS","label":"Save with"},"fulfillmentBadge":"","fulfillmentSpeed":[],"fulfillmentType":"STORE","id":"76UKVIUEDFR8","usItemId":"10534077","image":"https://i5.walmartimages.com/asr/6c0a0951-94b6-45ee-91dd-9b2a2a864863_1.93be5c6c668b51f94c2116addc3594e0.jpeg?odnHeight=180\u0026odnWidth=180\u0026odnBg=ffffff","isOutOfStock":false,"esrb":"","mediaRating":"","name":"Great Value Shells Pasta, 16 oz","price":0.82,"preOrder":{"isPreOrder":false,"preOrderMessage":null,"preOrderStreetDateMessage":null},"priceInfo":{"itemPrice":"","linePrice":"$0.82","wasPrice":"","unitPrice":"5.1 ¢/oz","shipPrice":"","minPriceForVariant":"","subscriptionPrice":"","subscriptionString":"","priceDisplayCondition":"","finalCostByWeight":false,"submapType":""},"rating":{"averageRating":4.7,"numberOfReviews":113},"salesUnit":"EACH","variantList":[],"isVariantTypeSwatch":false,"brand":null,"manufacturerName":null,"offerId":"B8FE39F64E8B4D5C97D7CF6317D054DD","fitmentLabel":"","isAtfMarker":false,"sellerId":"F55CDC31AB754BB68FE0B39041159D63","sellerName":"Walmart.com","hasSellerBadge":null,"seller":{"name":"Walmart.com","sellerId":"F55CDC31AB754BB68FE0B39041159D63"},"sponsoredProduct":null},{"__typename":"Product","availabilityStatusDisplayValue":"In stock","productLocationDisplayValue":"A15","externalInfoUrl":"","canonicalUrl":"/ip/Great-Value-Jumbo-Shells-Pasta-12-oz/10534075?fulfillmentIntent=In-store","canAddToCart":true,"showOptions":false,"description":"\u003cli\u003ePerfect for your family?s favorite pasta dinner\u003c/li\u003e\u003cli\u003eJust add to boiling hot water and add your favorite ingredients\u003c/li\u003e\u003cli\u003eDelicious with marinara and sausage or a creamy Alfredo sauce\u003c/li\u003e","flag":"","fulfillmentBadges":["Pickup","Delivery"],"fulfillmentIcon":{"key":"SAVE_WITH_W_PLUS","label":"Save with"},"fulfillmentBadge":"","fulfillmentSpeed":[],"fulfillmentType":"STORE","id":"6AC34FX9K610","usItemId":"10534075","image":"https://i5.walmartimages.com/asr/0d8e2e20-8982-4073-a5a6-9ecde15835e8.b0d74f988c93ff0571f9170925bc899c.png?odnHeight=180\u0026odnWidth=180\u0026odnBg=ffffff","isOutOfStock":false,"esrb":"","mediaRating":"","name":"Great Value Jumbo Shells Pasta, 12 oz","price":1.68,"preOrder":{"isPreOrder":false,"preOrderMessage":null,"preOrderStreetDateMessage":null},"priceInfo":{"itemPrice":"","linePrice":"$1.68","wasPrice":"","unitPrice":"14.0 ¢/oz","shipPrice":"","minPriceForVariant":"","subscriptionPrice":"","subscriptionString":"","priceDisplayCondition":"","finalCostByWeight":false,"submapType":""},"rating":{"averageRating":4.5,"numberOfReviews":4},"salesUnit":"EACH","variantList":[],"isVariantTypeSwatch":false,"brand":null,"manufacturerName":null,"offerId":"8B09A630C58F45CC8D904263369BAA44","fitmentLabel":"","isAtfMarker":false,"sellerId":"F55CDC31AB754BB68FE0B39041159D63","sellerName":"Walmart.com","hasSellerBadge":null,"seller":{"name":"Walmart.com","sellerId":"F55CDC31AB754BB68FE0B39041159D63"},"sponsoredProduct":null},{"__typename":"Product","availabilityStatusDisplayValue":"In stock","productLocationDisplayValue":"A16","externalInfoUrl":"","canonicalUrl":"/ip/Yummy-Spoonfuls-Organic-Classic-Cheddar-Mac-Cheese/391040614?fulfillmentIntent=In-store","canAddToCart":true,"showOptions":false,"description":"Yummy Spoonfuls Original Cheddar Mac","flag":"","fulfillmentBadges":["Pickup","Delivery"],"fulfillmentIcon":{"key":"SAVE_WITH_W_PLUS","label":"Save with"},"fulfillmentBadge":"","fulfillmentSpeed":[],"fulfillmentType":"STORE","id":"4WXDPANGZ7IW","usItemId":"391040614","image":"https://i5.walmartimages.com/asr/1b15d926-0183-437d-8b50-5474fdcbb9fd_1.0d5805400c0b72926f4d522a6413f6dd.jpeg?odnHeight=180\u0026odnWidth=180\u0026odnBg=ffffff","isOutOfStock":false,"esrb":"","mediaRating":"","name":"Yummy Spoonfuls Organic Classic Cheddar Mac \u0026 Cheese","price":1.78,"preOrder":{"isPreOrder":false,"preOrderMessage":null,"preOrderStreetDateMessage":null},"priceInfo":{"itemPrice":"","linePrice":"$1.78","wasPrice":"","unitPrice":"89.0 ¢/ea","shipPrice":"","minPriceForVariant":"","subscriptionPrice":"","subscriptionString":"","priceDisplayCondition":"","finalCostByWeight":false,"submapType":""},"rating":{"averageRating":0,"numberOfReviews":0},"salesUnit":"EACH","variantList":[],"isVariantTypeSwatch":false,"brand":null,"manufacturerName":null,"offerId":"69A7AE0EE40448A7B7E558F1643AB79A","fitmentLabel":"","isAtfMarker":false,"sellerId":"F55CDC31AB754BB68FE0B39041159D63","sellerName":"Walmart.com","hasSellerBadge":null,"seller":{"name":"Walmart.com","sellerId":"F55CDC31AB754BB68FE0B39041159D63"},"sponsoredProduct":null},{"__typename":"Product","availabilityStatusDisplayValue":"In stock","productLocationDisplayValue":"A16","externalInfoUrl":"","canonicalUrl":"/ip/Annie-s-Deluxe-Cheddar-Shells-Classic-Cheddar-Mac-Cheese-Microwavable-2-Cups/556852295?fulfillmentIntent=In-store","canAddToCart":true,"showOptions":false,"description":"2 Microwavable cups. Microwave in 3: 30 minutes! MEET BERNIE! Bernie was Annie's pet Dutch rabbit. When she started the company, Annie chose him to be our official \"rabbit of approval,\" representing","flag":"","fulfillmentBadges":["Pickup","Delivery"],"fulfillmentIcon":{"key":"SAVE_WITH_W_PLUS","label":"Save with"},"fulfillmentBadge":"","fulfillmentSpeed":[],"fulfillmentType":"STORE","id":"5B23C3WZY6NC","usItemId":"556852295","image":"https://i5.walmartimages.com/asr/bb189c7e-c4ef-4817-8705-97540c9644f9.e2ea9c61227a5f813dc8b95d7f9d9cb0.png?odnHeight=180\u0026odnWidth=180\u0026odnBg=ffffff","isOutOfStock":false,"esrb":"","mediaRating":"","name":"Annie's Deluxe Cheddar Shells, Classic Cheddar Mac \u0026 Cheese Microwavable, 2 Cups","price":2.48,"preOrder":{"isPreOrder":false,"preOrderMessage":null,"preOrderStreetDateMessage":null},"priceInfo":{"itemPrice":"","linePrice":"$2.48","wasPrice":"","unitPrice":"47.7 ¢/oz","shipPrice":"","minPriceForVariant":"","subscriptionPrice":"","subscriptionString":"","priceDisplayCondition":"","finalCostByWeight":false,"submapType":""},"rating":{"averageRating":0,"numberOfReviews":0},"salesUnit":"EACH","variantList":[],"isVariantTypeSwatch":false,"brand":null,"manufacturerName":null,"offerId":"27AEF5FF339742EBAA62D237E6C15B3E","fitmentLabel":"","isAtfMarker":false,"sellerId":"F55CDC31AB754BB68FE0B39041159D63","sellerName":"Walmart.com","hasSellerBadge":null,"seller":{"name":"Walmart.com","sellerId":"F55CDC31AB754BB68FE0B39041159D63"},"sponsoredProduct":null},{"__typename":"Product","availabilityStatusDisplayValue":"In stock","productLocationDisplayValue":"A15","externalInfoUrl":"","canonicalUrl":"/ip/Great-Value-Whole-Wheat-Penne-16-oz/173699635?fulfillmentIntent=In-store","canAddToCart":true,"showOptions":false,"description":"\u003cli\u003ePerfect for your next family meal\u003c/li\u003e\u003cli\u003eContains zero trans fats, saturated fat, cholesterol or sodium\u003c/li\u003e\u003cli\u003e56 grams of whole grain per serving\u003c/li\u003e","flag":"","fulfillmentBadges":["Pickup","Delivery"],"fulfillmentIcon":{"key":"SAVE_WITH_W_PLUS","label":"Save with"},"fulfillmentBadge":"","fulfillmentSpeed":[],"fulfillmentType":"STORE","id":"3Z1S1BW7XO2C","usItemId":"173699635","image":"https://i5.walmartimages.com/asr/c201e515-497a-4e5b-a042-8c72debca3d3_1.94ad28f71b76c5b15dd5d214b40a1172.jpeg?odnHeight=180\u0026odnWidth=180\u0026odnBg=ffffff","isOutOfStock":false,"esrb":"","mediaRating":"","name":"Great Value Whole Wheat Penne, 16 oz","price":1,"preOrder":{"isPreOrder":false,"preOrderMessage":null,"preOrderStreetDateMessage":null},"priceInfo":{"itemPrice":"","linePrice":"$1.00","wasPrice":"","unitPrice":"6.3 ¢/oz","shipPrice":"","minPriceForVariant":"","subscriptionPrice":"","subscriptionString":"","priceDisplayCondition":"","finalCostByWeight":false,"submapType":""},"rating":{"averageRating":0,"numberOfReviews":0},"salesUnit":"EACH","variantList":[],"isVariantTypeSwatch":false,"brand":null,"manufacturerName":null,"offerId":"A6DC8754CC9F42C1BE3CF66E96BE365E","fitmentLabel":"","isAtfMarker":false,"sellerId":"F55CDC31AB754BB68FE0B39041159D63","sellerName":"Walmart.com","hasSellerBadge":null,"seller":{"name":"Walmart.com","sellerId":"F55CDC31AB754BB68FE0B39041159D63"},"sponsoredProduct":null},{"__typename":"Product","availabilityStatusDisplayValue":"In stock","productLocationDisplayValue":"A16","externalInfoUrl":"","canonicalUrl":"/ip/Great-Value-Gv-Original-M-c-7-25oz-5pk/911541310?fulfillmentIntent=In-store","canAddToCart":true,"showOptions":false,"description":"Great Value Gv Original M\u0026c 7.25oz 5pk","flag":"","fulfillmentBadges":["Pickup","Delivery"],"fulfillmentIcon":{"key":"SAVE_WITH_W_PLUS","label":"Save with"},"fulfillmentBadge":"","fulfillmentSpeed":[],"fulfillmentType":"STORE","id":"1N9M7Z5XAWI7","usItemId":"911541310","image":"https://i5.walmartimages.com/asr/407d2dbb-e4e9-4cfa-8a06-f4be9e8a01fb.27383f842a69f55b0f96312048fd5e65.jpeg?odnHeight=180\u0026odnWidth=180\u0026odnBg=ffffff","isOutOfStock":false,"esrb":"","mediaRating":"","name":"Great Value Gv Original M\u0026c 7.25oz 5pk","price":2,"preOrder":{"isPreOrder":false,"preOrderMessage":null,"preOrderStreetDateMessage":null},"priceInfo":{"itemPrice":"","linePrice":"$2.00","wasPrice":"","unitPrice":"5.5 ¢/oz","shipPrice":"","minPriceForVariant":"","subscriptionPrice":"","subscriptionString":"","priceDisplayCondition":"","finalCostByWeight":false,"submapType":""},"rating":{"averageRating":0,"numberOfReviews":0},"salesUnit":"EACH","variantList":[],"isVariantTypeSwatch":false,"brand":null,"manufacturerName":null,"offerId":"ED7E16C2887445FB8FC404D5667AF79E","fitmentLabel":"","isAtfMarker":false,"sellerId":"F55CDC31AB754BB68FE0B39041159D63","sellerName":"Walmart.com","hasSellerBadge":null,"seller":{"name":"Walmart.com","sellerId":"F55CDC31AB754BB68FE0B39041159D63"},"sponsoredProduct":null},{"__typename":"Product","availabilityStatusDisplayValue":"In stock","productLocationDisplayValue":"A16","externalInfoUrl":"","canonicalUrl":"/ip/Quality-Pasta-Muscle-Mac-Macaroni-Cheese-3-6-oz/691922426?fulfillmentIntent=In-store","canAddToCart":true,"showOptions":false,"description":"Muscle Mac Aged White Cheddar Mac\u0026 Cheese Cup","flag":"","fulfillmentBadges":["Pickup","Delivery"],"fulfillmentIcon":{"key":"SAVE_WITH_W_PLUS","label":"Save with"},"fulfillmentBadge":"","fulfillmentSpeed":[],"fulfillmentType":"STORE","id":"4Q6BFYNQ1HNO","usItemId":"691922426","image":"https://i5.walmartimages.com/asr/2a19618f-72db-4ec6-9e7b-011592657a88_1.652597d380675df492f11eb0e48d1bd5.jpeg?odnHeight=180\u0026odnWidth=180\u0026odnBg=ffffff","isOutOfStock":false,"esrb":"","mediaRating":"","name":"Quality Pasta Muscle Mac Macaroni \u0026 Cheese, 3.6 oz","price":1.88,"preOrder":{"isPreOrder":false,"preOrderMessage":null,"preOrderStreetDateMessage":null},"priceInfo":{"itemPrice":"","linePrice":"$1.88","wasPrice":"","unitPrice":"52.2 ¢/oz","shipPrice":"","minPriceForVariant":"","subscriptionPrice":"","subscriptionString":"","priceDisplayCondition":"","finalCostByWeight":false,"submapType":""},"rating":{"averageRating":0,"numberOfReviews":0},"salesUnit":"EACH","variantList":[],"isVariantTypeSwatch":false,"brand":null,"manufacturerName":null,"offerId":"EFD5222897774DC8AD4E1F305555D953","fitmentLabel":"","isAtfMarker":false,"sellerId":"F55CDC31AB754BB68FE0B39041159D63","sellerName":"Walmart.com","hasSellerBadge":null,"seller":{"name":"Walmart.com","sellerId":"F55CDC31AB754BB68FE0B39041159D63"},"sponsoredProduct":null},{"__typename":"Product","availabilityStatusDisplayValue":"In stock","productLocationDisplayValue":"A16","externalInfoUrl":"","canonicalUrl":"/ip/Hormel-Chili-Turkey-No-Beans-15-Ounce/10290967?fulfillmentIntent=In-store","canAddToCart":true,"showOptions":false,"description":"Hormel Chili Turkey No Beans, 15 Ounce","flag":"","fulfillmentBadges":["Pickup","Delivery"],"fulfillmentIcon":{"key":"SAVE_WITH_W_PLUS","label":"Save with"},"fulfillmentBadge":"","fulfillmentSpeed":[],"fulfillmentType":"STORE","id":"6RFKP0OB0JWI","usItemId":"10290967","image":"https://i5.walmartimages.com/asr/fcc02e9c-e446-4d9c-ae09-7852b9de5193.de1264ff64140d4df0e1572fc77688ae.jpeg?odnHeight=180\u0026odnWidth=180\u0026odnBg=ffffff","isOutOfStock":false,"esrb":"","mediaRating":"","name":"Hormel Chili Turkey No Beans, 15 Ounce","price":1.98,"preOrder":{"isPreOrder":false,"preOrderMessage":null,"preOrderStreetDateMessage":null},"priceInfo":{"itemPrice":"","linePrice":"$1.98","wasPrice":"","unitPrice":"13.2 ¢/oz","shipPrice":"","minPriceForVariant":"","subscriptionPrice":"","subscriptionString":"","priceDisplayCondition":"","finalCostByWeight":false,"submapType":""},"rating":{"averageRating":0,"numberOfReviews":0},"salesUnit":"EACH","variantList":[],"isVariantTypeSwatch":false,"brand":null,"manufacturerName":null,"offerId":"E0D41AFE87BB4080BFB5121A2250B12B","fitmentLabel":"","isAtfMarker":false,"sellerId":"F55CDC31AB754BB68FE0B39041159D63","sellerName":"Walmart.com","hasSellerBadge":null,"seller":{"name":"Walmart.com","sellerId":"F55CDC31AB754BB68FE0B39041159D63"},"sponsoredProduct":null},{"__typename":"Product","availabilityStatusDisplayValue":"In stock","productLocationDisplayValue":"A16","externalInfoUrl":"","canonicalUrl":"/ip/Hormel-100-Natural-White-Chicken-Chili-With-Beans-15-Oz/45622215?fulfillmentIntent=In-store","canAddToCart":true,"showOptions":false,"description":"\u003cli\u003eHORMEL Natural White Chicken Chili with Beans, 15 Ounce\u003c/li\u003e","flag":"","fulfillmentBadges":["Pickup","Delivery"],"fulfillmentIcon":{"key":"SAVE_WITH_W_PLUS","label":"Save with"},"fulfillmentBadge":"","fulfillmentSpeed":[],"fulfillmentType":"STORE","id":"547E1OVLNETF","usItemId":"45622215","image":"https://i5.walmartimages.com/asr/60b2ea3a-b3f8-44a9-bb6f-04958499fa38.d03892466e58f6cbab20387f978d2d87.jpeg?odnHeight=180\u0026odnWidth=180\u0026odnBg=ffffff","isOutOfStock":false,"esrb":"","mediaRating":"","name":"Hormel 100% Natural White Chicken Chili With Beans, 15 Oz","price":2.24,"preOrder":{"isPreOrder":false,"preOrderMessage":null,"preOrderStreetDateMessage":null},"priceInfo":{"itemPrice":"","linePrice":"$2.24","wasPrice":"","unitPrice":"14.9 ¢/oz","shipPrice":"","minPriceForVariant":"","subscriptionPrice":"","subscriptionString":"","priceDisplayCondition":"","finalCostByWeight":false,"submapType":""},"rating":{"averageRating":0,"numberOfReviews":0},"salesUnit":"EACH","variantList":[],"isVariantTypeSwatch":false,"brand":null,"manufacturerName":null,"offerId":"CA95C4CD23A048558E2501279034AAB4","fitmentLabel":"","isAtfMarker":false,"sellerId":"F55CDC31AB754BB68FE0B39041159D63","sellerName":"Walmart.com","hasSellerBadge":null,"seller":{"name":"Walmart.com","sellerId":"F55CDC31AB754BB68FE0B39041159D63"},"sponsoredProduct":null},{"__typename":"Product","availabilityStatusDisplayValue":"In stock","productLocationDisplayValue":"A16","externalInfoUrl":"","canonicalUrl":"/ip/Great-Value-Premium-Wild-Caught-Chunk-Light-Tuna-6-4-oz/13399542?fulfillmentIntent=In-store","canAddToCart":true,"showOptions":false,"description":"\u003cli\u003ePremium wild caught tuna fish\u003c/li\u003e\u003cli\u003eSourced from an MSC certified sustainable fishery\u003c/li\u003e\u003cli\u003eGreat For You\u003c/li\u003e\u003cli\u003eMix it with mayonnaise then season and serve on your favorite bread to make\u003c/li\u003e","flag":"","fulfillmentBadges":["Pickup","Delivery"],"fulfillmentIcon":{"key":"SAVE_WITH_W_PLUS","label":"Save with"},"fulfillmentBadge":"","fulfillmentSpeed":[],"fulfillmentType":"STORE","id":"207NWMWN49BL","usItemId":"13399542","image":"https://i5.walmartimages.com/asr/a3046d07-6cb3-412b-9f91-0e9e29b2aea8.91e36aa2bf7e914eef3ec4abbb523278.jpeg?odnHeight=180\u0026odnWidth=180\u0026odnBg=ffffff","isOutOfStock":false,"esrb":"","mediaRating":"","name":"Great Value Premium Wild Caught Chunk Light Tuna, 6.4 oz","price":2.18,"preOrder":{"isPreOrder":false,"preOrderMessage":null,"preOrderStreetDateMessage":null},"priceInfo":{"itemPrice":"","linePrice":"$2.18","wasPrice":"","unitPrice":"34.1 ¢/oz","shipPrice":"","minPriceForVariant":"","subscriptionPrice":"","subscriptionString":"","priceDisplayCondition":"","finalCostByWeight":false,"submapType":""},"rating":{"averageRating":0,"numberOfReviews":0},"salesUnit":"EACH","variantList":[],"isVariantTypeSwatch":false,"brand":null,"manufacturerName":null,"offerId":"36C39E0A06544BD48FA741CC09990B1F","fitmentLabel":"","isAtfMarker":false,"sellerId":"F55CDC31AB754BB68FE0B39041159D63","sellerName":"Walmart.com","hasSellerBadge":null,"seller":{"name":"Walmart.com","sellerId":"F55CDC31AB754BB68FE0B39041159D63"},"sponsoredProduct":null},{"__typename":"Product","availabilityStatusDisplayValue":"In stock","productLocationDisplayValue":"A16","externalInfoUrl":"","canonicalUrl":"/ip/Yummy-Spoonfuls-Organic-White-Cheddar-Mac-Cheese/882752375?fulfillmentIntent=In-store","canAddToCart":true,"showOptions":false,"description":"Yummy Spoonfuls White Cheddar Macaroni","flag":"","fulfillmentBadges":["Pickup","Delivery"],"fulfillmentIcon":{"key":"SAVE_WITH_W_PLUS","label":"Save with"},"fulfillmentBadge":"","fulfillmentSpeed":[],"fulfillmentType":"STORE","id":"277YNX045XFE","usItemId":"882752375","image":"https://i5.walmartimages.com/asr/eafcdec3-a700-4489-9493-3cb31e17cd4d_1.16bdf034501c72c432e029073717163d.jpeg?odnHeight=180\u0026odnWidth=180\u0026odnBg=ffffff","isOutOfStock":false,"esrb":"","mediaRating":"","name":"Yummy Spoonfuls Organic White Cheddar Mac \u0026 Cheese","price":1.78,"preOrder":{"isPreOrder":false,"preOrderMessage":null,"preOrderStreetDateMessage":null},"priceInfo":{"itemPrice":"","linePrice":"$1.78","wasPrice":"","unitPrice":"89.0 ¢/ea","shipPrice":"","minPriceForVariant":"","subscriptionPrice":"","subscriptionString":"","priceDisplayCondition":"","finalCostByWeight":false,"submapType":""},"rating":{"averageRating":0,"numberOfReviews":0},"salesUnit":"EACH","variantList":[],"isVariantTypeSwatch":false,"brand":null,"manufacturerName":null,"offerId":"16E562BF425C4BA58E10326199AE348F","fitmentLabel":"","isAtfMarker":false,"sellerId":"F55CDC31AB754BB68FE0B39041159D63","sellerName":"Walmart.com","hasSellerBadge":null,"seller":{"name":"Walmart.com","sellerId":"F55CDC31AB754BB68FE0B39041159D63"},"sponsoredProduct":null},{"__typename":"Product","availabilityStatusDisplayValue":"Out of stock","productLocationDisplayValue":"A4","externalInfoUrl":"","canonicalUrl":"/ip/Birds-Eye-Cheddar-Mac-Cheese-25-oz/103854856?fulfillmentIntent=In-store","canAddToCart":false,"showOptions":false,"description":"\u003cli\u003ePasta Made from 100% Vegetables\u003c/li\u003e\u003cli\u003e1/2 cup of vegetables per serving\u003c/li\u003e\u003cli\u003eNo Artificial Flavors\u003c/li\u003e","flag":"","fulfillmentBadges":[],"fulfillmentBadge":"","fulfillmentSpeed":[],"fulfillmentType":"STORE","id":"40WS0DX8AW6W","usItemId":"103854856","image":"https://i5.walmartimages.com/asr/9a9fddf0-e830-4174-ab44-c7d61e483bec.ee049d042ea517c90fc8d2b475069c11.jpeg?odnHeight=180\u0026odnWidth=180\u0026odnBg=ffffff","isOutOfStock":true,"esrb":"","mediaRating":"","name":"Birds Eye Cheddar Mac \u0026 Cheese, 25 oz","price":6.97,"preOrder":{"isPreOrder":false,"preOrderMessage":null,"preOrderStreetDateMessage":null},"priceInfo":{"itemPrice":"","linePrice":"$6.97","wasPrice":"","unitPrice":"27.9 ¢/oz","shipPrice":"","minPriceForVariant":"","subscriptionPrice":"","subscriptionString":"","priceDisplayCondition":"","finalCostByWeight":false,"submapType":""},"rating":{"averageRating":0,"numberOfReviews":0},"salesUnit":"EACH","variantList":[],"isVariantTypeSwatch":false,"brand":null,"manufacturerName":null,"offerId":"8054B78F832F48B99EA06DC83C6913BB","fitmentLabel":"","isAtfMarker":false,"sellerId":"F55CDC31AB754BB68FE0B39041159D63","sellerName":"Walmart.com","hasSellerBadge":null,"seller":{"name":"Walmart.com","sellerId":"F55CDC31AB754BB68FE0B39041159D63"},"sponsoredProduct":null},{"__typename":"Product","availabilityStatusDisplayValue":"Out of stock","productLocationDisplayValue":null,"externalInfoUrl":"","canonicalUrl":"/ip/Kraft-Unicorn-Shapes-Pasta-Macaroni-Cheese-Frozen-Dinner-with-Breaded-Chicken-Nuggets-Broccoli-8-5-oz-Box/442005987?fulfillmentIntent=In-store","canAddToCart":false,"showOptions":false,"description":"\u003cli\u003eKraft frozen meals, Kraft frozen kids meal, frozen meals, frozen food, frozen dinner, frozen lunch, kids frozen dinner, kids frozen lunch, frozen chicken, frozen chicken nuggets, frozen mac and\u003c/li\u003e","flag":"","fulfillmentBadges":[],"fulfillmentBadge":"","fulfillmentSpeed":[],"fulfillmentType":"STORE","id":"5986CWDHIDPK","usItemId":"442005987","image":"https://i5.walmartimages.com/asr/c7197fa8-e6cd-4852-b333-e42e42aed0d4.8d7a0fc902bdb3b64717c0ac4c69f444.jpeg?odnHeight=180\u0026odnWidth=180\u0026odnBg=ffffff","isOutOfStock":true,"esrb":"","mediaRating":"","name":"Kraft Unicorn Shapes Pasta Macaroni \u0026 Cheese Frozen Dinner with Breaded Chicken Nuggets \u0026 Broccoli, 8.5 oz Box","price":2.78,"preOrder":{"isPreOrder":false,"preOrderMessage":null,"preOrderStreetDateMessage":null},"priceInfo":{"itemPrice":"","linePrice":"$2.78","wasPrice":"","unitPrice":"32.7 ¢/oz","shipPrice":"","minPriceForVariant":"","subscriptionPrice":"","subscriptionString":"","priceDisplayCondition":"","finalCostByWeight":false,"submapType":""},"rating":{"averageRating":0,"numberOfReviews":0},"salesUnit":"EACH","variantList":[],"isVariantTypeSwatch":false,"brand":null,"manufacturerName":null,"offerId":"59C9FCF0A6A74464BA23EF645102251A","fitmentLabel":"","isAtfMarker":false,"sellerId":"F55CDC31AB754BB68FE0B39041159D63","sellerName":"Walmart.com","hasSellerBadge":null,"seller":{"name":"Walmart.com","sellerId":"F55CDC31AB754BB68FE0B39041159D63"},"sponsoredProduct":null}],"layoutEnum":"GRID"}],"pageMetadata":{"title":"mac and cheese","canonical":null,"description":null,"location":{"addressId":""}},"paginationV2":{"maxPage":5,"pageProperties":{"ps":"40","spelling":"true","stores":"999","grid":"true","query":"mac and cheese","cat_id":"0","page":"4","sort":"best_match","facet":"fulfillment_method:In-store","displayGuidedNav":true,"affinityOverride":"store_led"}},"spelling":{"correctedTerm":null},"requestContext":{"isFitmentFilterQueryApplied":false,"searchMatchType":"{\"dept\":\"/976759/976794/5614446/6189969\",\"g\":\"S\",\"s\":\"b\",\"trf\":\"ht\",\"p\":2,\"as\":\"a|0|0\",\"qcr\":\"ht\",\"eo\":\"N\",\"id\":\"sDYSNSwtWJD7I61oGwkW5UJv5N-aNPpdSLFs\",\"css\":\"0|0|0|0\",\"cs\":false,\"ppABTest\":true}","categories":null},"errorResponse":{"correlationId":"iAeBfcuI8YkaCUSQmN0lilXkfO_ObuAcvX70","source":"sis","errors":[]},"modules":null,"count":41,"gridItemsCount":41,"catInfo":{"catId":"/976759/976794/5614446/6189969","name":""}},"pageMetadata":{"location":{"postalCode":"78242","stateOrProvinceCode":"TX","city":"San Antonio","storeId":"999"},"pageContext":{"searchNormalize":{"normalized_query":"macaroni and cheese","original_query":"mac and cheese","rewritten_query":"macaroni and cheese","specificity":"broad","top_query_cat_path":"/976759/976794/5614446/6189969","top_query_cat_path_name":"/Food/Pantry/Boxed Meals \u0026 Side Dishes/Macaroni \u0026 Cheese","analytics_log":{"fe_log":{"dept":"/976759/976794/5614446/6189969","g":"S","s":"b","trf":"ht"}}}}}},"initialSearchQueryVariables":{"id":"","affinityOverride":"store_led","dealsId":"","query":"mac and cheese","page":4,"prg":"desktop","catId":"","facet":"fulfillment_method:In-store","sort":"best_match","rawFacet":"","seoPath":"","ps":40,"ptss":"","trsp":"","beShelfId":"","recall_set":"","module_search":"","min_price":"","max_price":"","storeSlotBooked":"","additionalQueryParams":null,"fitmentFieldParams":null,"fitmentSearchParams":{"id":"","affinityOverride":"store_led","dealsId":"","query":"mac and cheese","page":4,"prg":"desktop","catId":"","facet":"fulfillment_method:In-store","sort":"best_match","rawFacet":"","seoPath":"","ps":40,"ptss":"","trsp":"","beShelfId":"","recall_set":"","module_search":"","min_price":"","max_price":"","storeSlotBooked":"","additionalQueryParams":null,"cat_id":"","_be_shelf_id":""},"fetchMarquee":true,"fetchSkyline":true,"fetchSbaTop":true},"psych":{"isMobile":false,"isBot":false},"isomorphicSessionId":"rLPOq8SORLGVkhJJo3TOq","trace":{"traceId":"00000000000000000000000000000000","spanId":"0000000000000000","traceFlags":0},"isCaching":false,"queryContextCacheId":4726,"bootstrapData":{"account":{"data":{"account":null}},"cart":null,"header":{"data":{"contentLayout":{"modules":[{"name":"Console GlobalAlertBar Module","type":"GlobalAlertBar","matchedTrigger":{"zone":"alertBar"},"configs":{"athenaEnabled":"False","alertBar":{"iconName":null,"text":"Console event to be rescheduled.","link":{"linkText":"Visit home","title":"Visit home","clickThrough":{"value":"/"},"uid":"bjP9kr_i"}}}}],"layouts":[]}},"headers":{}},"footer":{"data":{"location":{"status":true,"postalCode":"78242","nodeId":"999","errors":[],"shippingAddress":{"addressId":null,"addressLineOne":null,"addressLineTwo":null,"city":"San Antonio","stateOrProvinceCode":"TX","postalCode":"78242"},"pickupNode":{"nodeId":"999","displayName":"San Antonio Supercenter","addressLineOne":"7239 Sw Loop 410","city":"San Antonio","stateOrProvinceCode":"TX","postalCode":"78242"}},"contentLayout":{"modules":[{"name":"GlobalFooterLinks Module,","type":"GlobalFooterLinks","matchedTrigger":{"zone":"footerZone1"},"configs":{"subLinks":[{"link":{"linkText":"Privacy \u0026 Security","title":"Privacy \u0026 Security","clickThrough":{"type":"url","value":"https://corporate.walmart.com/privacy-security","rawValue":"https://corporate.walmart.com/privacy-security"},"uid":"v8SRLDKw"},"isSFLink":"False","openInNewTab":"True"},{"link":{"linkText":"CA Privacy Rights","title":"CA Privacy Rights","clickThrough":{"type":"url","value":"https://corporate.walmart.com/privacy-security/california-privacy-rights","rawValue":"https://corporate.walmart.com/privacy-security/california-privacy-rights"},"uid":"9Ni6sNcm"},"isSFLink":"True","openInNewTab":"True"},{"link":{"linkText":"Do Not Sell My Personal Information","title":"Do Not Sell My Personal Information","clickThrough":{"type":"url","value":"https://www.walmart.com/account/api/ccpa-intake?native=false\u0026app=gm\u0026type=sod","rawValue":"https://www.walmart.com/account/api/ccpa-intake?native=false\u0026app=gm\u0026type=sod"},"uid":"1EAiCJOO"},"isSFLink":"True","openInNewTab":"True"},{"link":{"linkText":"Request My Personal Information","title":"Request My Personal Information","clickThrough":{"type":"url","value":"https://www.walmart.com/account/api/ccpa-intake?native=false\u0026app=gm\u0026type=access","rawValue":"https://www.walmart.com/account/api/ccpa-intake?native=false\u0026app=gm\u0026type=access"},"uid":"vNAKHfwt"},"isSFLink":"True","openInNewTab":"True"},{"link":{"linkText":"Help","title":"Help","clickThrough":{"type":"url","value":"/help","rawValue":"/help"},"uid":"3Owhn3cK"},"isSFLink":"False","openInNewTab":"False"},{"link":{"linkText":"Terms of Use","title":"Terms of Use","clickThrough":{"type":"url","value":"/help/article/walmart-com-terms-of-use/3b75080af40340d6bbd596f116fae5a0","rawValue":"/help/article/walmart-com-terms-of-use/3b75080af40340d6bbd596f116fae5a0"},"uid":"0zMqEcVI"},"isSFLink":"False","openInNewTab":"False"},{"link":{"linkText":"All Departments","title":"All Departments","clickThrough":{"type":"url","value":"/all-departments","rawValue":"/all-departments"},"uid":"zuC8vwt4"},"isSFLink":"False","openInNewTab":"False"},{"link":{"linkText":"Store Directory","title":"Store Directory","clickThrough":{"type":"url","value":"/store/directory","rawValue":"/store/directory"},"uid":"H35X2opY"},"isSFLink":"False","openInNewTab":"False"}]}}],"layouts":[]}},"headers":{}},"cv":{"account":{"_all_":{"vuduLibraryUrl":"https://video.walmart.com/content/account/purchasehistory","registriesUrl":"/my-registries","enableGoogleAutoComplete":true,"enableMyItemsMenu":true,"enablePostalCodeMessage":false,"enableLocationAutoComplete":true,"eBookUrl":"https://www.walmart.com/account/redirect/kobo?page=library","enableAccountWallet":true,"isInHomeEnabled":true,"enableAccountMWeb":true,"walmartPlusUrl":"https://www.walmart.com/grocery/account/plus/overview","enablePostalCodeOnly":false,"listsUrl":"/lists","placeholder":1,"enableWalmartPlus":true,"itemSubscriptionUrl":"https://www.walmart.com/m/deals/subscriptions/manage","communicationAndPrivacyUrl":"/account/communications-and-privacy","enableWalmartPlusPreference":true,"walmartAssociateUrl":"https://www.walmart.com/account/associate-discount","pharmacyUrl":"https://www.walmart.com/pharmacy/dashboard","enableFeatureCommsAndPrivacy":true,"protectionPlanUrl":"/protection-plans","reorderUrl":"https://www.walmart.com/my-items","enableAvsOverride":true,"shouldUpdateCartAfterUpdateZipcode":true,"isFCShippingEnabled":true,"enableItemSubscription":true,"enableInHomeAddress":true}},"cart":{"_all_":{"enableOmniPromise":true,"enableWirelessPostpaid":true,"enableCapOne":true,"enableItemUpdates":true,"sflCountPerPagination":20,"enableFulfillmentHeadersV2":true,"enableWalmartPlusIntegratedSignUp":false,"enablePartialCheckout":true,"enableItemSwitchableBadge":true,"enableInHomeDelivery":true,"enableLastCall":true,"enableOOSHotFix":true,"enableATCOptimization":true,"enablePAC":true,"enableGXOSignInNudge":true,"enableSigninBenefits":true,"enableCapOneRewards":true,"enableWplusFulfillmentBanner":true,"enableGuestCheckout":true,"enablePartialSwitchModuleLevel":true,"enableCallouts":true,"initialSFLCount":10,"enableAffirm":true,"enableItemNotSwitchableBadge":true,"enableEbt":true,"enableWplus":true,"enableSFL":true,"enableCXOPrefetch":true,"enableItemSwitchableTempBadge":false,"enableCarePlansAndHomeServices":true,"enableRegistry":true,"enableStoreSnackBarMessage":false,"enableShippingIntent":true}},"bookslot":{"_all_":{"enableStoreHours":true,"hideStoreChooserDefaultAlert":true,"enableWirelessPostpaid":true,"walmartPlusFreeDelivery":true,"tempoCacheExpirationInSeconds":300,"enableWalmartPlusIntegratedSignUp":true,"hidePickupSlotPrice":true,"alcoholRestrictedSlotsFilterEnable":true,"enableBlockRegistrantAddressDelivery":true,"enableFulfillmentIntent":true,"enableInHomeSlotsQueryHeader":true,"mergeSlotsEnable":true,"enablePickupOnShippingIntent":true,"enableWalmartPlus":true,"nodeSelectableOnlineEnable":true}},"header":{"_all_":{"isAlertBarEnabled":false,"calloutViewsPerIdPerBSTC":1,"calloutViewsPerIdPerVTC":2,"maxCalloutsPerBSTC":4,"showOptOut":true,"calloutsEnabled":true,"showAddressLineOne":true}},"pulse":{"_all_":{"alwaysAllowedTagList":"","logLevel":"info","enableV1Schema":true,"enableQuantumMetric":true}},"footer":{"_all_":{"enableXOFeedback":true,"hideGiveFeedbackSection":true}},"shared":{"_all_":{"legacySiteNGRedirectEnabled":false,"legacySiteInhomeRedirectEnabled":false,"helpLinkReturnRefunds":"https://www.walmart.com/help/channel/returns-and-refunds/5a33a1f61af8479e9d1bd8b727e9e761","legacySiteDirectspendingRedirectEnabled":false,"legacySiteEbtRedirectEnabled":false,"enableWaitingHallway":true,"disableGetCartSSR":true,"helpLinkStorePurchase":"https://www.walmart.com/help/article/view-store-purchases/f56a1afbf3b5428bb69f0124daa49108","beaconWithQuantumMetrics":true,"helpLinkMobileAlertsTerms":"https://www.walmart.com/help/article/mobile-alerts-terms-of-use/499122d9bba94d08b50e8facf42fcc82","bookSlotPersistentFilterEnable":false,"helpLinkMPReturnPolicy":"https://www.walmart.com/help/article/walmart-marketplace-return-policy/63c3566a9d3546858582acae2fbfdb7e","helpLinkTermsOfUse":"https://www.walmart.com/help/article/walmart-com-terms-of-use/3b75080af40340d6bbd596f116fae5a0"}},"ads":{"_all_":{"spMq2Measure3PEnable":true,"adResponseBeaconEnable":true,"spMq2Measure1PEnable":true,"ipMq1RenderEnable":true,"ipSkReqEnable":true,"bpMq2Measure1PEnable":true,"measure3PImpEnable":true,"cacheBusterTimeDiffMs":180000,"bpSkReqEnable":true,"bpMq2ReqEnable":true,"spMq1RenderEnable":true,"bpSkMeasure1PEnable":true,"bpSkMeasure3PEnable":true,"spMq2RenderEnable":true,"ipSpc2Measure1PEnable":true,"hpMq1Measure1PEnable":true,"hpMq1Measure3PEnable":true,"spSkRenderEnable":true,"bpSpc1ReqEnable":true,"bpMq1ReqEnable":true,"displayAddlInfo":false,"displayCheckIp":false,"bpMq1RenderEnable":true,"hpMq2RenderEnable":true,"moatIvt":"https://www.walmart.com/swag/v2/ip-rd","bpMq2RenderEnable":true,"hpMq1RenderEnable":true,"ipSpc2ReqEnable":true,"spSkMeasure1PEnable":true,"displaySbaLogospQs":false,"spSkMeasure3PEnable":true,"bpSpc1Measure1PEnable":true,"spMq1Measure1PEnable":true,"hpP3NMeasure1PEnable":true,"ipSkMeasure1PEnable":true,"spMq1Measure3PEnable":true,"bpMq1Measure1PEnable":true,"ipSpc1ReqEnable":true,"spMq2ReqEnable":true,"bpSkRenderEnable":true,"ipMq1Measure3PEnable":true,"ipMq1Measure1PEnable":true,"spSkReqEnable":true,"displayPreviousRenderCheck":false,"safeframeURL":"https://i5.walmartimages.com/dfw/63fd9f59-d6ba/07b8ea82-184c-4ea3-8ac0-5dc1981e40c8/v33/safeframe.html","hpMq1ReqEnable":true,"bpMq1Measure3PEnable":true,"ipSpc1Measure1PEnable":true,"bpBigMeasure1PEnable":true,"ipSkMeasure3PEnable":true,"ipMq1ReqEnable":true,"ipMq2Measure1PEnable":true,"ipMq2Measure3PEnable":true,"hpMq2Measure3PEnable":true,"hpMq2Measure1PEnable":true,"spMq1ReqEnable":true,"spSpc1ReqEnable":true,"ipP3NMeasure1PEnable":true,"bpMq2Measure3PEnable":true,"blockInternal":true,"ipSkRenderEnable":true,"hpMq2ReqEnable":true,"ipMq2ReqEnable":true,"spSpc1Measure1PEnable":true,"ipMq2RenderEnable":true}},"search":{"_all_":{"enableExternalInfoUrl":true,"fetchItemsV2Enable":true,"fitmentModulesEnable":true,"bannerModulesEnable":true,"searchPersistentFilterEnable":false,"enableFulfillmentMethodDemo":true,"clientFetchTimeoutMs":15000,"fetchTimeoutMs":7000,"bookSlotPersistentFilterEnable":false,"postProcessedQueryEnable":true,"imageSizeEnum":"3","seoModulesEnable":true,"partialRenderEnable":true}}}},"enableGqlCsrRedirect":true,"nonce":"FrApt2lBPh3x8Vnc"}},"page":"/search","query":{"q":"mac and cheese","facet":"fulfillment_method:In-store","affinityOverride":"store_led","page":"4"},"buildId":"production_20211006T193458787Z","assetPrefix":"https://i5.walmartimages.com/dfw/63fd9f59-7f10/f39d4daf-be64-4c7a-b470-b7275856c4da/v2","runtimeConfig":{"appVersion":"main-110-79cb6e","appSha":"79cb6ee2d0ac37eb0a9a8100e45f28acfeeaf177","profile":"production","tmxOrgId":"hgy2n0ks","dataCenter":"eus2","tenant":"WM_GLASS","queryContext":{"appVersion":"main-110-79cb6e","isPerimeterXTest":false,"gql":{"endpointsByName":{"cecxo":"/orchestra/cartxo/graphql","cecph":"/orchestra/cph/graphql","ceorders":"/orchestra/orders/graphql","cegateway":"/orchestra/home/graphql"}},"rest":{"endpointsByName":{"ceaccount":"/orchestra/api/account","ceidentity":"/orchestra/account/electrode/api/identity","cereturns":"/orchestra/api/returns","cehelp":"/orchestra/help/api","typeahead":"/typeahead/v3/complete","espvalidation":"/esp/prepaid/v1/plans","warppaymentoptions":"/orchestra/api/online/variantbasic/item","ceccm":"/orchestra/api/ccm/v1/bootstrap","cewireless":"/orchestra/api/wireless","cewarp":"/orchestra/api/warp"}}},"isDev":false,"enableLatencyTrace":true,"enablePersistedQueries":false,"mockURL":"http://mock-backend.dev.walmart.com/","mock":true,"moatIvt":"https://i5.walmartimages.com/dfw/4ff9c6c9-2dd1/k2-_8b2f2d93-4e1f-454a-95b1-a9b26af853b2.v1.js","endpointMappings":{"operations":{"query configuration":"cegateway","query ContentPage":"cegateway","query checkItemCartEligibility":"cecxo","mutation MergeAndGetCart":"cecxo","query getGuestOrder":"cegateway","query PurchaseHistory":"cecph","mutation NotifyCapOneBannerSnooze":"cegateway","mutation CancelOrder":"cecph","query LastCallPage":"cegateway","query GetCommPreference":"cegateway","query PurchasedProtectionPlans":"cecph","query ProtectionPlanDetail":"cecph"},"queryStrings":{"step=cart":"cecxo","step=bookslot":"cecxo","entitytype=*":"ceorders","state=*":"ceorders","source=*":"ceorders"},"pages":{"*":"cegateway","/":"cegateway","/404":"cegateway","/account/*":"cegateway","/all-departments":"cegateway","/browse/*":"cegateway","/c/[...seo]":"cegateway","/ci-control":"cegateway","/cp/[...categoryParams]":"cegateway","/content/[...categoryParams]":"cegateway","/help/*":"cegateway","/ip/[...itemParams]":"cegateway","/lists/*":"cegateway","/my-items":"cegateway","/my-registries":"cegateway","/shop/*":"cegateway","/shop/[...seo]":"cegateway","/nonprofits/*":"cegateway","/orders/*":"ceorders","/partner/plus/[promoId]/*":"cegateway","/plus/*":"cegateway","/product/[...itemParams]":"cegateway","/registry/*":"cegateway","/reviews/*":"cegateway","/search/*":"cegateway","/seller/*":"cegateway","/services":"cegateway","/thankyou":"cecxo","/topic/[...seo]":"cegateway","/tp/*":"cegateway","/update-payment-method-form":"cegateway","/update-payment-method":"cegateway","/wallet/associate-discount":"cegateway"}},"googleMaps":{"checkAddressAPIKey":"AIzaSyCX5gh3yoq4316wUDxRpljFOwWA6_-BEMg","addressAPIKey":"AIzaSyBIAnB1a3UejjFVRNtszhaEE8yrKySRTEo","geoCodingAPIKey":"AIzaSyBvv63fBVZ1RtNJLGkN9XCFE1WfVl0o1HY"},"perimeterX":{"enable":true,"initScript":"https://www.walmart.com/px/PXu6b0qd2S/init.js"},"pulseBeacon":{"enable":true,"hostname":"i5.walmartimages.com","bd":"beacon.walmart.com","bh":"beacon.lightestwithqm.walmart.com","hostWithQM":"beacon.lightestwithqm.walmart.com","hostWithoutQM":"beacon.lightest.walmart.com"},"threatMetrix":{"enable":true},"paymentsPageUrl":"https://wallet.walmart.com/payments?wv=main"},"isFallback":false,"dynamicIds":[20114,51923,20513,18350,71484,7965,69467,86107],"customServer":true,"gip":true,"appGip":true,"locale":"en","locales":["en"],"defaultLocale":"en","scriptLoader":[]}</script><script src="//i5.walmartimages.com/a14/cdn-doms-usgm.js" nonce="FrApt2lBPh3x8Vnc"></script><script async="async" defer="defer" src="//i5.walmartimages.com/a14/cdn-perf.min.js" nonce="FrApt2lBPh3x8Vnc"></script><script nonce="FrApt2lBPh3x8Vnc">window.SW_DOMAIN = "walmart.com"</script><script nonce="FrApt2lBPh3x8Vnc">(function(e){var t=e.document;BOOMR=e.BOOMR||{};BOOMR.plugins=BOOMR.plugins||{};var n={localStorageTestKey:"TorbitLSTest",pageTags:[],pageConversions:[],initHasRun:false};BOOMR.plugins.pageMeta={init:function(r){initHasRun=true;try{localStorage.setItem(n.localStorageTestKey,n.localStorageTestKey);localStorage.removeItem(n.localStorageTestKey);BOOMR.addVar("ls",1)}catch(i){BOOMR.addVar("ls",0)}if(e.location.protocol=="https:")BOOMR.addVar("prt",1);else BOOMR.addVar("prt",0);BOOMR.addVar("ref",t.referrer);if(e.performance&&e.performance.memory){for(m_name in e.performance.memory){if(e.performance.memory.hasOwnProperty(m_name)){BOOMR.addVar(m_name,e.performance.memory[m_name])}}}BOOMR.addVar("wH",e.innerHeight||t.body.clientHeight||t.documentElement.clientHeight);BOOMR.addVar("tags",n.pageTags.join("|"));return this},addTag:function(e){n.pageTags.push(e);if(!n.initHasRun){return}BOOMR.addVar("tags",n.pageTags.join("|"))},addConversion:function(e,t){var r=e;if(t&&(t>0||t.length>0))r=e+"="+t;n.pageConversions.push(r);BOOMR.addVar("conversion",n.pageConversions.join("|"))},is_complete:function(){return true}}})(window);(function(e){try{e._tbq=e._tbq||[];_tbq.push=function(e){if(e.length<1||!e[0])return;switch(e[0]){case"tag":if(e.length<2)return;BOOMR.plugins.pageMeta.addTag(e[1]);break;case"startTimer":if(e.length<2)return;BOOMR.plugins.customEvents.startTimer(e[1]);break;case"endTimer":if(e.length<2)return;BOOMR.plugins.customEvents.endTimer(e[1]);break}};for(i in _tbq){if(_tbq.hasOwnProperty(i)&&i!="push"){_tbq.push(_tbq[i]);delete _tbq[i]}}}catch(t){}})(window);</script><script nonce="FrApt2lBPh3x8Vnc">    window.globalPluginDefinitions = window.globalPluginDefinitions || [];
  </script><script nonce="FrApt2lBPh3x8Vnc">    window.globalWorkerMessages = window.globalWorkerMessages || [];
  </script><script nonce="FrApt2lBPh3x8Vnc">    window.globalPluginDefinitions.push('https://www.walmart.com/sw-plugins/eperf-optimized-assets-original-url.8b53f51b.js');
  </script><script nonce="FrApt2lBPh3x8Vnc">    window.globalWorkerMessages.push({
      command: 'SET_PLUGIN_FILTER',
      data: {
        name: 'eperf-optimized-assets-original-url',
        filter: {
      type: "url-host",
      value: "i5.walmartimages.com"
    }      }
    });
  </script><script nonce="FrApt2lBPh3x8Vnc">    window.globalWorkerMessages.push({
      command: 'SET_PLUGIN_STATE',
      data:{
        name:'eperf-optimized-assets-original-url',
        state:'ENABLED'
      }
    });
  </script><script nonce="FrApt2lBPh3x8Vnc">window.globalPluginDefinitions = window.globalPluginDefinitions || [];window.globalWorkerMessages = window.globalWorkerMessages || [];window.globalPluginDefinitions.push('https://www.walmart.com/sw-plugins/eperf-optimized-assets-metric.6524ad95.js');window.globalWorkerMessages.push({command: 'SET_PLUGIN_FILTER',data: {name: 'eperf-optimized-assets-metric',filter: {type: "and",value: [{type: "or",value: ["i5.walmartimages.com", "i5.wal.co"].map(function(host) {return { type: "url-host", value: host };})},{ type: "sample", value: 0.01 }]}}});window.globalWorkerMessages.push({command: 'SET_PLUGIN_STATE',data:{name:'eperf-optimized-assets-metric',state:'ENABLED',filter: undefined}});window.globalPluginDefinitions.push('https://www.walmart.com/sw-plugins/eperf-optimization-metrics.a586fd7d.js');window.globalWorkerMessages.push({command: 'SET_PLUGIN_FILTER',data: {name: 'eperf-optimization-metrics',filter: {type: "and",value: [{ type: "url-host", value: "i5.walmartimages.com" },{ type: "sample", value: 0.01 }]}}});window.globalWorkerMessages.push({command: 'SET_PLUGIN_STATE',data:{name:'eperf-optimization-metrics',state:'ENABLED',filter: undefined}});window.globalPluginDefinitions.push('https://www.walmart.com/sw-plugins/ecdn-cdn-perf.6524ad95.js');window.globalWorkerMessages.push({command: 'SET_PLUGIN_FILTER',data: {name: 'ecdn-cdn-perf',filter: {type: "and",value: [{ type: "url-host", value: "i5.walmartimages.com" },{ type: "sample", value: 0.01 }]}}});window.globalWorkerMessages.push({command: 'SET_PLUGIN_STATE',data:{name:'ecdn-cdn-perf',state:'ENABLED',filter: undefined}});window.globalPluginDefinitions.push('https://www.walmart.com/sw-plugins/ecdn-cache-status.fe7aa234.js');window.globalWorkerMessages.push({command: 'SET_PLUGIN_FILTER',data: {name: 'ecdn-cache-status',filter: {type: "and",value: [{ type: "url-host", value: "i5.walmartimages.com" },{ type: "sample", value: 0.01 }]}}});window.globalWorkerMessages.push({command: 'SET_PLUGIN_STATE',data:{name:'ecdn-cache-status',state:'ENABLED',filter: undefined}});window.globalPluginDefinitions.push('https://www.walmart.com/sw-plugins/grocery-pwa.5725d7c8.js');window.globalWorkerMessages.push({command: 'SET_PLUGIN_STATE',data:{name:'grocery-pwa',state:'ENABLED',filter: {type: "url-path",value: new RegExp("^/grocery")}}});</script><script nonce="FrApt2lBPh3x8Vnc">window.globalPluginDefinitions.push('https://www.walmart.com/sw-plugins/latency-tracker.ff42f3d6.js');window.globalWorkerMessages.push({command: 'SET_PLUGIN_FILTER',data: {name: 'latency-tracker',filter: {type: "and",value: [{ type: "url-host", value: "www.walmart.com" },{type: "or",value: [{type: "and",value: [{ type: "method", value: "GET" },{ type: "sample", value: 0.05 }]},{type: "and",value: [{ type: "method", value: "POST" },{ type: "url-path", value: new RegExp("^/orchestra") }]}]}]}}});window.globalWorkerMessages.push({command: 'SET_PLUGIN_STATE',data:{name:'latency-tracker',state:'ENABLED',filter: undefined}});</script><script nonce="FrApt2lBPh3x8Vnc">window.globalWorkerMessages = window.globalWorkerMessages || [];var patch = {environment: "prod",publish_sampling_rate: 0.01,navigation_preload: "enabled",status_check_url: "https://t3.wal.co/sw/status",status_check_interval_ms: 300000,min_required_memory_gb: 8};window.SERVICE_WORKER_CONFIGURATION = !!window.SERVICE_WORKER_CONFIGURATION? Object.assign(window.SERVICE_WORKER_CONFIGURATION, patch): patch;window.globalWorkerMessages.push({command: 'SET_GLOBAL_FILTER',data: {filter: {type: "or",value: [{ type: "url-host", value: "i5.walmartimages.com" },{ type: "url-host", value: "i5.wal.co" },{ type: "url-host", value: "www.walmart.com" },{type: "and",value: [{ type: "referrer-path", value: new RegExp("^/grocery") },{ type: "url-path", value: new RegExp("^/grocery") }]}]}}});</script><script async="async" defer="defer" src="/sw-register.js" nonce="FrApt2lBPh3x8Vnc"></script><script nonce="FrApt2lBPh3x8Vnc">window._pxAppId = 'PXu6b0qd2S'</script><script async="async" defer="defer" src="/px/PXu6b0qd2S/init.js" nonce="FrApt2lBPh3x8Vnc"></script></body></html>