<!DOCTYPE html><html lang="en"><head nonce="W-eHcQ_x55acvK3m"><link href="//dis.criteo.com" rel="dns-prefetch"/><link href="//ib.adnxs.com" rel="dns-prefetch"/><link href="//secure-assets.rubiconproject.com" rel="dns-prefetch"/><link href="//beam.hlserve.com" rel="dns-prefetch"/><link href="//pubads.g.doubleclick.net" rel="dns-prefetch"/><link href="//omniture-ssl.walmart.com" rel="dns-prefetch"/><link href="//omniture.walmart.com" rel="dns-prefetch"/><link href="//p.typekit.net" rel="dns-prefetch"/><link href="//pagead2.googlesyndication.com" rel="dns-prefetch"/><link href="//partner.googleadservices.com" rel="dns-prefetch"/><link href="//tpc.googlesyndication.com" rel="dns-prefetch"/><link href="//beacon.walmart.com" rel="dns-prefetch"/><link href="//b.wal.co" rel="dns-prefetch"/><link href="//i5.walmartimages.com" rel="dns-prefetch"/><meta name="viewport" content="width=device-width"/><meta charset="utf-8"/><meta property="fb:app_id" content="105223049547814"/><link rel="preload" crossorigin="anonymous" href="https://i5.walmartimages.com/dfw/63fd9f59-a78c/fcfae9b6-2f69-4f89-beed-f0eeb4237946/v1/BogleWeb_subset-Bold.woff2" as="font" type="font/woff2"/><link rel="preload" crossorigin="anonymous" href="https://i5.walmartimages.com/dfw/63fd9f59-a78c/fcfae9b6-2f69-4f89-beed-f0eeb4237946/v1/BogleWeb_subset-Regular.woff2" as="font" type="font/woff2"/><script defer="" src="https://www.walmart.com/px/PXu6b0qd2S/init.js" nonce="W-eHcQ_x55acvK3m"></script><script nonce="W-eHcQ_x55acvK3m">var _bcq = _bcq || [];_bcq.push(['_setOptions', { start_time: (new Date()).getTime(), bd: 'beacon.walmart.com', bh: 'beacon.lightestwithqm.walmart.com', sv: '1.0.59' }]);</script><script async="" nonce="W-eHcQ_x55acvK3m" src="//i5.walmartimages.com/beacon/beacon.js?bd=beacon.walmart.com&amp;bh=beacon.lightestwithqm.walmart.com"></script><link rel="preload" as="image" href="//i5.walmartimages.com/dfw/63fd9f59-b3e1/7a569e53-f29a-4c3d-bfaf-6f7a158bfadd/v1/walmartLogo.svg"/><title>mac and cheese - Walmart.com</title><meta property="og:title" content="mac and cheese - Walmart.com"/><meta name="description" property="og:description" content="mac and cheese - Walmart.com"/><meta property="og:image" content="https://i5.walmartimages.com/asr/e5f7f76f-fcb7-47aa-adc8-ca9ce94b8f87.3b2e086bbf0c26cfeb6c7e54bdff0b0b.png?odnHeight=180&amp;odnWidth=180&amp;odnBg=ffffff"/><meta name="next-head-count" content="13"/><link nonce="W-eHcQ_x55acvK3m" rel="preload" href="https://i5.walmartimages.com/dfw/63fd9f59-7f10/f39d4daf-be64-4c7a-b470-b7275856c4da/v2/_next/static/css/a6cad371ba458043f84b.css" as="style"/><link nonce="W-eHcQ_x55acvK3m" rel="stylesheet" href="https://i5.walmartimages.com/dfw/63fd9f59-7f10/f39d4daf-be64-4c7a-b470-b7275856c4da/v2/_next/static/css/a6cad371ba458043f84b.css" data-n-g=""/><noscript data-n-css="W-eHcQ_x55acvK3m"></noscript><script defer="" nonce="W-eHcQ_x55acvK3m" nomodule="" src="https://i5.walmartimages.com/dfw/63fd9f59-7f10/f39d4daf-be64-4c7a-b470-b7275856c4da/v2/_next/static/chunks/polyfills-4a4cd472cd681630e092.js"></script><script defer="" src="https://i5.walmartimages.com/dfw/63fd9f59-7f10/f39d4daf-be64-4c7a-b470-b7275856c4da/v2/_next/static/chunks/114.8a9393ce6f514d1111d4.js" nonce="W-eHcQ_x55acvK3m"></script><script defer="" src="https://i5.walmartimages.com/dfw/63fd9f59-7f10/f39d4daf-be64-4c7a-b470-b7275856c4da/v2/_next/static/chunks/5404.c7311845d9a2d5f4eca4.js" nonce="W-eHcQ_x55acvK3m"></script><script defer="" src="https://i5.walmartimages.com/dfw/63fd9f59-7f10/f39d4daf-be64-4c7a-b470-b7275856c4da/v2/_next/static/chunks/345.e836dcb95cf580f4c8b6.js" nonce="W-eHcQ_x55acvK3m"></script><script defer="" src="https://i5.walmartimages.com/dfw/63fd9f59-7f10/f39d4daf-be64-4c7a-b470-b7275856c4da/v2/_next/static/chunks/1923.60c59f27ac123974a5a3.js" nonce="W-eHcQ_x55acvK3m"></script><script defer="" src="https://i5.walmartimages.com/dfw/63fd9f59-7f10/f39d4daf-be64-4c7a-b470-b7275856c4da/v2/_next/static/chunks/513.e2c279cac08a255e6196.js" nonce="W-eHcQ_x55acvK3m"></script><script defer="" src="https://i5.walmartimages.com/dfw/63fd9f59-7f10/f39d4daf-be64-4c7a-b470-b7275856c4da/v2/_next/static/chunks/5850.a0d738b891bae7f7a90b.js" nonce="W-eHcQ_x55acvK3m"></script><script defer="" src="https://i5.walmartimages.com/dfw/63fd9f59-7f10/f39d4daf-be64-4c7a-b470-b7275856c4da/v2/_next/static/chunks/4940.0702e551222c7f7a35eb.js" nonce="W-eHcQ_x55acvK3m"></script><script defer="" src="https://i5.walmartimages.com/dfw/63fd9f59-7f10/f39d4daf-be64-4c7a-b470-b7275856c4da/v2/_next/static/chunks/8350.a525c7be02eb14119f5a.js" nonce="W-eHcQ_x55acvK3m"></script><script defer="" src="https://i5.walmartimages.com/dfw/63fd9f59-7f10/f39d4daf-be64-4c7a-b470-b7275856c4da/v2/_next/static/chunks/1484.e3415b8c02e1209834b2.js" nonce="W-eHcQ_x55acvK3m"></script><script defer="" src="https://i5.walmartimages.com/dfw/63fd9f59-7f10/f39d4daf-be64-4c7a-b470-b7275856c4da/v2/_next/static/chunks/7965.c2687eb683134bd56abb.js" nonce="W-eHcQ_x55acvK3m"></script><script defer="" src="https://i5.walmartimages.com/dfw/63fd9f59-7f10/f39d4daf-be64-4c7a-b470-b7275856c4da/v2/_next/static/chunks/1903-8c69837eddb17e0f0163.js" nonce="W-eHcQ_x55acvK3m"></script><script defer="" src="https://i5.walmartimages.com/dfw/63fd9f59-7f10/f39d4daf-be64-4c7a-b470-b7275856c4da/v2/_next/static/chunks/861.4ef8a61d1d5ca854f61c.js" nonce="W-eHcQ_x55acvK3m"></script><script defer="" src="https://i5.walmartimages.com/dfw/63fd9f59-7f10/f39d4daf-be64-4c7a-b470-b7275856c4da/v2/_next/static/chunks/6107.769f43df21235b30b777.js" nonce="W-eHcQ_x55acvK3m"></script><script defer="" src="https://i5.walmartimages.com/dfw/63fd9f59-7f10/f39d4daf-be64-4c7a-b470-b7275856c4da/v2/_next/static/chunks/6559.7298e4d28b5bf0d675a0.js" nonce="W-eHcQ_x55acvK3m"></script><script src="https://i5.walmartimages.com/dfw/63fd9f59-7f10/f39d4daf-be64-4c7a-b470-b7275856c4da/v2/_next/static/chunks/webpack-2546359339992df33c5d.js" nonce="W-eHcQ_x55acvK3m" defer=""></script><script src="https://i5.walmartimages.com/dfw/63fd9f59-7f10/f39d4daf-be64-4c7a-b470-b7275856c4da/v2/_next/static/chunks/main-d4882edf5cbeb331f61e.js" nonce="W-eHcQ_x55acvK3m" defer=""></script><script src="https://i5.walmartimages.com/dfw/63fd9f59-7f10/f39d4daf-be64-4c7a-b470-b7275856c4da/v2/_next/static/chunks/pages/_app-f9edd3495969c1e52d37.js" nonce="W-eHcQ_x55acvK3m" defer=""></script><script src="https://i5.walmartimages.com/dfw/63fd9f59-7f10/f39d4daf-be64-4c7a-b470-b7275856c4da/v2/_next/static/chunks/329-caa8803105e2b7a44bcc.js" nonce="W-eHcQ_x55acvK3m" defer=""></script><script src="https://i5.walmartimages.com/dfw/63fd9f59-7f10/f39d4daf-be64-4c7a-b470-b7275856c4da/v2/_next/static/chunks/2121-c11ad5a65b46e65e1de7.js" nonce="W-eHcQ_x55acvK3m" defer=""></script><script src="https://i5.walmartimages.com/dfw/63fd9f59-7f10/f39d4daf-be64-4c7a-b470-b7275856c4da/v2/_next/static/chunks/9315-6acf961cd8745b415fc7.js" nonce="W-eHcQ_x55acvK3m" defer=""></script><script src="https://i5.walmartimages.com/dfw/63fd9f59-7f10/f39d4daf-be64-4c7a-b470-b7275856c4da/v2/_next/static/chunks/8378-2033cda9a963a50bfaa9.js" nonce="W-eHcQ_x55acvK3m" defer=""></script><script src="https://i5.walmartimages.com/dfw/63fd9f59-7f10/f39d4daf-be64-4c7a-b470-b7275856c4da/v2/_next/static/chunks/7124-2b7854e70e859a5e16b0.js" nonce="W-eHcQ_x55acvK3m" defer=""></script><script src="https://i5.walmartimages.com/dfw/63fd9f59-7f10/f39d4daf-be64-4c7a-b470-b7275856c4da/v2/_next/static/chunks/8340-16e7cfaa8392bc349d0f.js" nonce="W-eHcQ_x55acvK3m" defer=""></script><script src="https://i5.walmartimages.com/dfw/63fd9f59-7f10/f39d4daf-be64-4c7a-b470-b7275856c4da/v2/_next/static/chunks/4580-3634e1f9b5b84bece6cc.js" nonce="W-eHcQ_x55acvK3m" defer=""></script><script src="https://i5.walmartimages.com/dfw/63fd9f59-7f10/f39d4daf-be64-4c7a-b470-b7275856c4da/v2/_next/static/chunks/9402-5ee4199130f2d062cc32.js" nonce="W-eHcQ_x55acvK3m" defer=""></script><script src="https://i5.walmartimages.com/dfw/63fd9f59-7f10/f39d4daf-be64-4c7a-b470-b7275856c4da/v2/_next/static/chunks/pages/search-caf1428ce2ab87422e4e.js" nonce="W-eHcQ_x55acvK3m" defer=""></script><script src="https://i5.walmartimages.com/dfw/63fd9f59-7f10/f39d4daf-be64-4c7a-b470-b7275856c4da/v2/_next/static/production_20211006T193458787Z/_buildManifest.js" nonce="W-eHcQ_x55acvK3m" defer=""></script><script src="https://i5.walmartimages.com/dfw/63fd9f59-7f10/f39d4daf-be64-4c7a-b470-b7275856c4da/v2/_next/static/production_20211006T193458787Z/_ssgManifest.js" nonce="W-eHcQ_x55acvK3m" defer=""></script><script nonce="W-eHcQ_x55acvK3m">var TBRewriteHostAltWeight = 10.000000;</script><script async="async" defer="defer" src="//i5.walmartimages.com/a14/capabilities.min.js" nonce="W-eHcQ_x55acvK3m"></script></head><body><div id="__next"><div class=""><div data-testid="layout-container" class="flex flex-column min-vh-100 shadow-2" style="transform:none;transition:transform .2s"><span><a link-identifier="Generic Name" href="#maincontent" class="slider left-0 top-0 fixed bg-white-90">Skip to Main Content</a><header class="bg-blue fixed w-100 z-1 top-0"><div class="center flex items-center justify-center pa4"><a link-identifier="walmartLogo" aria-label="Walmart Homepage" class="flex-none mr3" href="/"><img loading="lazy" alt="Walmart" class="db" height="32" src="//i5.walmartimages.com/dfw/63fd9f59-b3e1/7a569e53-f29a-4c3d-bfaf-6f7a158bfadd/v1/walmartLogo.svg" width="130"/></a><div class="relative"><button type="button" class="flex items-center no-underline ph3 white desktop-header-trigger lh-title b pointer ba b--transparent bg-transparent sans-serif" style="border-radius:100px;height:40px;transition:all 100ms cubic-bezier(0.77, 0, 0.175, 1)" aria-haspopup="true" aria-expanded="false"><i class="ld ld-Grid mr2" style="font-size:1rem;vertical-align:-0.175em" aria-hidden="true"></i>Departments</button><div class="absolute bg-white br3 br--bottom left-0 lh-copy mt4 overflow-hidden shadow-1 dn" data-testid="departments-flyout" style="left:50%;transform:none;margin-left:-135px;max-height:0"><div class="flex"><div class="f6 overflow-auto" style="width:246px;max-height:0;height:100%"><ul class="list ma0 pa0 pb3 pt4"></ul></div></div></div></div><div class="relative"><button type="button" class="flex items-center no-underline ph3 white desktop-header-trigger lh-title b pointer ba b--transparent bg-transparent sans-serif" style="border-radius:100px;height:40px;transition:all 100ms cubic-bezier(0.77, 0, 0.175, 1)" aria-haspopup="true" aria-expanded="false"><i class="ld ld-Services mr2" style="font-size:1rem;vertical-align:-0.175em" aria-hidden="true"></i>Services</button><div class="absolute bg-white br3 br--bottom left-0 lh-copy mt4 overflow-hidden shadow-1 dn" data-testid="services-flyout" style="left:50%;transform:none;margin-left:-135px;max-height:0"><div class="flex"><div class="f6 overflow-auto" style="width:246px;max-height:0;height:100%"><ul class="list ma0 pa0 pb3 pt4"></ul></div></div></div></div><form action="/search" autocomplete="off" class="flex-auto ml3" role="search"><div class="flex flex-auto items-center relative"><input type="search" aria-label="Search" aria-activedescendant="" class="b--none f5 flex-auto lh-solid sans-serif br-pill" name="q" placeholder="Search everything at Walmart online and in store" style="height:40px;padding-left:1rem;padding-right:1rem" value="mac and cheese"/><button aria-label="Search icon" class="absolute bn br-100 bg-gold h3 w3" style="right:0.25rem"><i class="ld ld-Search absolute" style="font-size:1rem;vertical-align:-0.175em;top:50%;left:50%;transform:translate(-50%, -50%)" aria-hidden="true"></i></button></div></form><div class="ml3 relative"><a link-identifier="Reorder my items" class="flex items-center no-underline ph3 white desktop-header-trigger lh-title lh-solid" style="border-radius:100px;height:40px;transition:all 100ms cubic-bezier(0.77, 0, 0.175, 1)" aria-haspopup="true" aria-expanded="false" href="/my-items"><i class="ld ld-Reorder" style="font-size:1rem;vertical-align:-0.175em" aria-hidden="true"></i><div class="ml2 nowrap"><div class="f7 lh-title">Reorder</div><div class="b">My Items</div></div></a><div class="absolute bg-white br3 br--bottom left-0 lh-copy mt4 overflow-hidden shadow-1 dn" data-testid="my-items-flyout" style="left:50%;transform:translateX(-50%)"><div class="ph4 pt4 pb2"><a link-identifier="Reorder" class="dark-gray db f6 no-underline nowrap desktop-header-flyout-link mb3" href="/my-items"><i class="ld ld-Reorder mr2" style="font-size:1rem;vertical-align:-0.175em"></i>Reorder</a><a link-identifier="Lists" class="dark-gray db f6 no-underline nowrap desktop-header-flyout-link mb3" href="/lists"><i class="ld ld-List mr2" style="font-size:1rem;vertical-align:-0.175em"></i>Lists</a><a link-identifier="Registries" class="dark-gray db f6 no-underline nowrap desktop-header-flyout-link mb3" href="/my-registries"><i class="ld ld-Gift mr2" style="font-size:1rem;vertical-align:-0.175em"></i>Registries</a></div></div></div><div class="relative"><a link-identifier="Account" class="flex items-center no-underline ph3 white desktop-header-trigger lh-title lh-solid" style="border-radius:100px;height:40px;transition:all 100ms cubic-bezier(0.77, 0, 0.175, 1)" aria-haspopup="true" aria-expanded="false" href="/account/login?vid=oaoh"><i class="ld ld-User" style="font-size:1rem;vertical-align:-0.175em" aria-hidden="true"></i><div class="ml2 nowrap"><div class="f7 mw3 mw4-xl lh-title truncate">Sign In</div><div class="b">Account</div></div></a><div class="absolute bg-white br3 br--bottom left-0 lh-copy mt4 overflow-hidden shadow-1 dn" data-testid="account-flyout" style="left:50%;transform:translateX(-50%)"><div class="pa4"><button class="w_AH w_AJ w_AN db mb3 w-100" type="button">Sign in</button><a link-identifier="Create an account" class="no-underline" href="/account/signup?vid=oaoh"><button class="w_AH w_AK w_AN db mb3 w-100" type="button" tabindex="-1">Create an account</button></a><hr aria-hidden="true" class="w_CY mb3"/><a link-identifier="Purchase History" class="dark-gray db f6 no-underline nowrap desktop-header-flyout-link" href="/orders"><i class="ld ld-Receipt mr2" style="font-size:1rem;vertical-align:-0.175em"></i>Purchase History</a></div></div></div><div class="ml3" style="width:40px"><button type="button" aria-label="Cart contains 0 items" class="bn bg-transparent br2 db flex flex-column items-center pa0 pointer relative sans-serif white"><i class="ld ld-Cart white" style="font-size:1.5rem;vertical-align:-0.25em"></i><span class="w_1 w_9 w_7 absolute right-0 top-0" style="transform:translate(50%, -50%)">0</span><span class="db" style="font-size:.625rem">$0.00</span></button></div></div></header></span><div class="flex flex-column flex-auto relative z-0" aria-hidden="false" style="padding-top:88px"><div class="flex-auto relative z-1"><section data-testid="location-banner" class="bg-dark-blue white pv1"><div class="center items-center flex flex-auto ph3 ph4-m overflow-hidden" style="line-height:2"><button class="w_AH w_AL w_AN white hover-white pa0 no-underline" type="button" name="select-store-button" tabindex="0"><i class="ld ld-Store mr2" style="font-size:1rem;vertical-align:-0.175em"></i><span class="f7 f6-m underline pointer">San Antonio Supercenter</span></button><span class="mh2">|</span><button class="w_AH w_AL w_AN white hover-white pa0 no-underline truncate" type="button" name="select-location-button" tabindex="0"><i class="ld ld-Location mr2" style="font-size:1rem;vertical-align:-0.175em"></i><span class="f7 f6-m underline pointer truncate">San Antonio, 78242</span></button></div></section><div class="center" style="max-width:1280px"><main data-sis-url="http://search-interface.walmart.net/v1/search?query=mac%20and%20cheese&amp;facet=fulfillment_method%3AIn-store&amp;stores=999&amp;cat_id=&amp;sort=best_match&amp;page=3&amp;min_price=&amp;max_price=&amp;spelling=true&amp;ptss=&amp;trsp=&amp;prg=desktop&amp;affinityOverride=store_led&amp;storeSlotBooked=&amp;stateOrProvinceCode=TX&amp;ps=40&amp;zipcode=78242&amp;recall_set=&amp;inCatchment=true&amp;latitude=29.3531&amp;longitude=-98.614&amp;extended_zipcode=78242&amp;addressId=" class="overflow-hidden"><div data-testid="flex-container" class="flex flex-column h-100"><div class="h-100 relative"><div data-testid="flex-container" class="flex flex-column h-100"><div class="h-100 relative"><div class="mh4-xl mh3-m" data-testid="skyline"><iframe class="w-100 v-mid bw0 skeleton-bone br4" height="54" title="Walmart Advertisement"></iframe></div><span><span data-module-data="{&#34;__typename&#34;:&#34;TempoWM_GLASSWWWBrandAmplifierAdConfigs&#34;,&#34;_rawConfigs&#34;:{&#34;moduleLocation&#34;:&#34;top&#34;},&#34;moduleLocation&#34;:&#34;top&#34;,&#34;ad&#34;:{&#34;status&#34;:&#34;SUCCESS&#34;,&#34;moduleType&#34;:&#34;BrandAmplifierAd&#34;,&#34;platform&#34;:&#34;DESKTOP&#34;,&#34;pageId&#34;:&#34;mac and cheese&#34;,&#34;pageType&#34;:&#34;SEARCH&#34;,&#34;storeId&#34;:&#34;999&#34;,&#34;stateCode&#34;:&#34;TX&#34;,&#34;zipCode&#34;:&#34;78242&#34;,&#34;pageContext&#34;:{&#34;searchNormalize&#34;:{&#34;normalized_query&#34;:&#34;macaroni and cheese&#34;,&#34;original_query&#34;:&#34;mac and cheese&#34;,&#34;rewritten_query&#34;:&#34;macaroni and cheese&#34;,&#34;specificity&#34;:&#34;broad&#34;,&#34;top_query_cat_path&#34;:&#34;/976759/976794/5614446/6189969&#34;,&#34;top_query_cat_path_name&#34;:&#34;/Food/Pantry/Boxed Meals &amp; Side Dishes/Macaroni &amp; Cheese&#34;,&#34;analytics_log&#34;:{&#34;fe_log&#34;:{&#34;dept&#34;:&#34;/976759/976794/5614446/6189969&#34;,&#34;g&#34;:&#34;S&#34;,&#34;s&#34;:&#34;b&#34;,&#34;trf&#34;:&#34;ht&#34;}}}},&#34;moduleConfigs&#34;:{&#34;moduleLocation&#34;:&#34;top&#34;},&#34;adsContext&#34;:{&#34;locationContext&#34;:{&#34;zipCode&#34;:&#34;78242&#34;,&#34;stateCode&#34;:&#34;TX&#34;,&#34;storeId&#34;:&#34;999&#34;,&#34;pickupStore&#34;:null,&#34;deliveryStore&#34;:null,&#34;intent&#34;:null,&#34;incatchment&#34;:true},&#34;itemId&#34;:&#34;&#34;,&#34;categoryId&#34;:&#34;976759_976794_5614446_6189969&#34;,&#34;categoryName&#34;:&#34;Food/Pantry/Boxed Meals &amp; Side Dishes/Macaroni &amp; Cheese&#34;,&#34;brand&#34;:&#34;&#34;,&#34;productName&#34;:&#34;&#34;,&#34;productTypeId&#34;:&#34;&#34;,&#34;normKeyword&#34;:&#34;macaroni and cheese&#34;,&#34;verticalId&#34;:&#34;&#34;,&#34;dedupeList&#34;:[&#34;&#34;]},&#34;adRequestComposite&#34;:{&#34;isDebug&#34;:false,&#34;isManualShelf&#34;:false,&#34;keyword&#34;:&#34;macaroni and cheese&#34;},&#34;adContent&#34;:{&#34;type&#34;:&#34;SPONSORED_PRODUCTS&#34;,&#34;data&#34;:{&#34;__typename&#34;:&#34;SponsoredBrands&#34;,&#34;adUuid&#34;:&#34;84b1b0d7-76ad-4653-998d-b9c6c2198305&#34;,&#34;adExpInfo&#34;:null,&#34;moduleInfo&#34;:&#34;{\&#34;adExpId\&#34;:\&#34;\&#34;,\&#34;bucketId\&#34;:\&#34;2243\&#34;}&#34;,&#34;brands&#34;:[]}}}}"></span></span><section><section aria-label="Sort and Filter section" class="w-100 flex flex-shrink-0 hidesb hidesb-wk pl3 ph4-xl pv3 relative z-max overflow-x-auto"><div class="flex flex-row flex-shrink-0 items-center br-pill bn bg-black near-white mr2"><button type="button" class="f6 pv2 br-pill bn sans-serif flex bg-black near-white pointer" aria-label="All filters (1) , filter applied"><i class="ld ld-Filter ph2" style="font-size:1rem;vertical-align:-0.175em" aria-hidden="true" data-testid="Filter-icon"></i><span class="flex pointer pr3" aria-hidden="true">All filters (1)</span></button></div><div aria-hidden="true" class="br b--near-white h-inherit mr2"></div><div class="flex flex-row flex-shrink-0 items-center br-pill bn bg-black near-white mr2"><button type="button" class="f6 pv2 br-pill bn sans-serif flex bg-black near-white pointer" aria-label="In-store , filter applied"><i class="ld ld-Store ph2" style="font-size:1rem;vertical-align:-0.175em" aria-hidden="true" data-testid="Store-icon"></i><span class="flex pointer pr3" aria-hidden="true">In-store</span></button></div><div class="flex flex-row flex-shrink-0 items-center br-pill bn bg-near-white mr2"><span class="w_F w_J" style="display:inline"><button type="button" class="f6 pv2 br-pill bn sans-serif flex bg-near-white pointer" aria-label="Pickup &amp; shipping "><span class="flex pointer pl3" aria-hidden="true">Pickup &amp; shipping</span><i class="ld ld-ChevronDown mh2" style="font-size:1rem;vertical-align:-0.175em"></i></button></span></div><div class="flex flex-row flex-shrink-0 items-center br-pill bn bg-near-white mr2"><button type="button" class="f6 pv2 br-pill bn sans-serif flex bg-near-white pointer" aria-label="Price "><i class="ld ld-MoneyCircle ph2" style="font-size:1rem;vertical-align:-0.175em" aria-hidden="true" data-testid="MoneyCircle-icon"></i><span class="flex pointer" aria-hidden="true">Price</span><i class="ld ld-ChevronDown mh2" style="font-size:1rem;vertical-align:-0.175em"></i></button></div><div class="flex flex-row flex-shrink-0 items-center br-pill bn bg-near-white mr2"><button type="button" class="f6 pv2 br-pill bn sans-serif flex bg-near-white pointer" aria-label="Brand "><span class="flex pointer pl3" aria-hidden="true">Brand</span><i class="ld ld-ChevronDown mh2" style="font-size:1rem;vertical-align:-0.175em"></i></button></div><div class="flex flex-row flex-shrink-0 items-center br-pill bn bg-near-white mr2"><button type="button" class="f6 pv2 br-pill bn sans-serif flex bg-near-white pointer" aria-label="Departments "><span class="flex pointer pl3" aria-hidden="true">Departments</span><i class="ld ld-ChevronDown mh2" style="font-size:1rem;vertical-align:-0.175em"></i></button></div><div class="flex flex-row flex-shrink-0 items-center br-pill bn bg-near-white mr2"><button type="button" class="f6 pv2 br-pill bn sans-serif flex bg-near-white pointer" aria-label="Speed "><i class="ld ld-Clock ph2" style="font-size:1rem;vertical-align:-0.175em" aria-hidden="true" data-testid="Clock-icon"></i><span class="flex pointer" aria-hidden="true">Speed</span><i class="ld ld-ChevronDown mh2" style="font-size:1rem;vertical-align:-0.175em"></i></button></div><button class="flex-shrink-0 f6 bg-white bn ph2 pv0 pointer sans-serif underline">Clear all</button><div class="dark-gray flex flex-row items-center ml-auto flex-shrink-0"><span class="b mh2">Sort by</span>|<button type="button" class="bw0 bg-white sans-serif pointer pa1" aria-label="Sort by Best Match" aria-expanded="false" aria-haspopup="true">Best Match<i class="ld ld-ChevronDown pa0 ml6" style="font-size:1rem;vertical-align:-0.175em" arial-hiden="true" role="img"></i></button></div></section></section><hr aria-hidden="true" class="w_CY"/><section class="pv3" aria-label="Quick refinements"><div class="flex flex-column justify-center relative"><ul style="display:flex;grid-auto-flow:column;scroll-snap-type:x mandatory;max-height:fit-content" class="list ma0 pl0 overflow-x-scroll hidesb hidesb-wk relative overflow-y-hidden pl3 spl3 pl4-xl" data-testid="carousel-container"><li class="flex flex-column items-center " data-slide="0"><button class="w_CZ w_Cc mr2" type="button" role="link">Kraft Macaroni and Cheese</button></li><li class="flex flex-column items-center " data-slide="1"><button class="w_CZ w_Cc mr2" type="button" role="link">Annie&#39;s Mac &amp; cheese</button></li><li class="flex flex-column items-center " data-slide="2"><button class="w_CZ w_Cc mr2" type="button" role="link">Velveeta Mac &amp; Cheese</button></li><li class="flex flex-column items-center " data-slide="3"><button class="w_CZ w_Cc mr2" type="button" role="link">Cheetos Mac &amp; Cheese</button></li><li class="flex flex-column items-center " data-slide="4"><button class="w_CZ w_Cc mr2" type="button" role="link">Cup Macaroni and Cheese</button></li><li class="flex flex-column items-center " data-slide="5"><button class="w_CZ w_Cc mr2 mr4-xl" type="button" role="link">Frozen Macaroni &amp; Cheese</button></li><li class="carousel-right-gap db" aria-hidden="true"></li></ul><button aria-hidden="true" tabindex="-1" class="absolute dn z-999 bg-white br-100 pa0 pointer ba db-l br-100 ba b--black nav-control right-1 db"><i class="ld ld-ChevronRight" style="font-size:1.5rem;vertical-align:-0.25em;padding:12px"></i></button><button aria-hidden="true" tabindex="-1" class="absolute dn z-999 bg-white br-100 pa0 pointer ba br-100 ba b--black nav-control left-1"><i class="ld ld-ChevronLeft" style="font-size:1.5rem;vertical-align:-0.25em;padding:12px"></i></button><div class="dn"></div></div><div class="dn"><a link-identifier="Generic Name">Kraft Macaroni and Cheese</a><a link-identifier="Generic Name">Annie&#39;s Mac &amp; cheese</a><a link-identifier="Generic Name">Velveeta Mac &amp; Cheese</a><a link-identifier="Generic Name">Cheetos Mac &amp; Cheese</a><a link-identifier="Generic Name">Cup Macaroni and Cheese</a><a link-identifier="Generic Name">Frozen Macaroni &amp; Cheese</a></div></section><hr aria-hidden="true" class="w_CY"/></div></div></div><div class="h-100 relative"><div data-testid="flex-container" class="flex flex-column h-100"><div class="h-100 relative"><div data-stack-index="0" class="flex flex-column justify-center"><section><div class="flex flex-wrap w-100 flex-grow-0 flex-shrink-0 ph2 pr0-xl pl4-xl mt0-xl mt3"><div class="mb1 ph1 pa0-xl bb b--near-white w-25"><div class="h-100 pb1-xl pr4-xl pv1 ph1" style="content-visibility:auto;contain-intrinsic-size:198px 340px"><div data-item-id="53BMHPE86V1D" class="sans-serif mid-gray relative flex flex-column w-100 "><a link-identifier="665860637" href="https://wrd.walmart.com/track?pltfm=desktop&amp;tax=976759_976794_5614446_6189969&amp;rdf=1&amp;plmt=sp-search-middle~desktop~&amp;eventST=click&amp;spQs=gp3ZrM7p0F6yCs9Gr5NqYlzG6wn5DXoA4TOzGmY32f1Gjxiv2lhwPMxNwZ1F5bBOVoN9juYnETo75rqHx8ohmmIdAbtdMapbKeq8DD3JYEU&amp;pos=1&amp;pgId=mac%20and%20cheese&amp;bt=1&amp;adUid=AooOBcV-7uXBu6x1ePeZc0JQomBwo_mIBCSL&amp;storeId=999&amp;mloc=sp-search-middle&amp;pt=search&amp;rd=https%3A%2F%2Fwww.walmart.com%2Fip%2FAnnie-s-Deluxe-Rich-Creamy-Shells-Four-Cheese-11-3-oz%2F665860637%3FfulfillmentIntent%3DIn-store" class="absolute w-100 h-100 z-1"><span class="w_DY">Annie&#39;s Deluxe Rich &amp; Creamy Shells &amp; Four Cheese 11.3 oz<!-- --> </span></a><div class="" data-testid="list-view"><div class=""><div class="h2 relative mb2"></div><div class="relative"><div class="relative overflow-hidden" style="max-width:290px;height:0;padding-bottom:min(290px, 100%);align-self:center;width:min(290px, 100%)"><img loading="eager" srcset="https://i5.walmartimages.com/asr/e5f7f76f-fcb7-47aa-adc8-ca9ce94b8f87.3b2e086bbf0c26cfeb6c7e54bdff0b0b.png?odnHeight=290&amp;odnWidth=290&amp;odnBg=FFFFFF 1x, https://i5.walmartimages.com/asr/e5f7f76f-fcb7-47aa-adc8-ca9ce94b8f87.3b2e086bbf0c26cfeb6c7e54bdff0b0b.png?odnHeight=580&amp;odnWidth=580&amp;odnBg=FFFFFF 2x" width="" height="" class="absolute top-0 left-0" data-testid="productTileImage" alt="" src="https://i5.walmartimages.com/asr/e5f7f76f-fcb7-47aa-adc8-ca9ce94b8f87.3b2e086bbf0c26cfeb6c7e54bdff0b0b.png?odnHeight=580&amp;odnWidth=580&amp;odnBg=FFFFFF"/></div><div class="absolute z-2 bottom--1"><button class="w_AH w_AJ w_AO pointer bn bg-blue hover-bg-dark-blue white sans-serif b w-auto ph2 flex items-center justify-center shadow-1" type="button" aria-label="Add to cart - Annie&#39;s Deluxe Rich &amp; Creamy Shells &amp; Four Cheese 11.3 oz"><i class="ld ld-Plus" style="font-size:1.5rem;vertical-align:-0.25em" title="add to cart"></i><span class="mr2">Add</span></button></div></div><div class="mt5 mb1" style="height:24px" data-testid="variant-53BMHPE86V1D"><div class="flex items-center lh-title h2-l normal"><span class="gray f7">Sponsored</span></div></div></div><div class=""><div class="flex flex-wrap justify-start items-center lh-title mb2 mb1-m"><div class="b black f5 mr1 mr2-xl lh-copy f4-l" aria-hidden="true">$2.98</div><span class="w_DY">current price $2.98</span><div class="f7 f6-l gray mr1">26.4 ¢/oz</div></div><span class="w_Bd" style="-webkit-line-clamp:3;padding-bottom:0em;margin-bottom:-0em"><span class="f6 f5-l normal dark-gray mb0 mt1 lh-title">Annie&#39;s Deluxe Rich &amp; Creamy Shells &amp; Four Cheese 11.3 oz</span></span><div class="mv2 flex items-center"><div class="f7 mr1 blue b lh-copy">Save with</div><img loading="lazy" class="pr2 flex" src="//i5.walmartimages.com/dfw/63fd9f59-ac39/29c6759d-7f14-49fa-bd3a-b870eb4fb8fb/v1/wplus-icon-blue.svg" alt="Walmart Plus" height="20" width="20"/></div><div class="mt2 mb2"><span class="w_A w_C w_B mr1 mt1 ph1">Pickup</span><span class="w_A w_C w_B mr1 mt1 ph1">Delivery</span></div><div class="flex flex-wrap justify-start items-center mt2"><span class="gray f6">In stock</span><span style="width:1px;height:14px;margin:3px 5px 3px 7px;background-color:#74767c"></span><i class="ld ld-Location mt1 mb1" style="font-size:1rem;vertical-align:-0.175em"></i><span class="f6">A16</span></div></div></div></div></div></div><div class="mb1 ph1 pa0-xl bb b--near-white w-25"><div class="h-100 pb1-xl pr4-xl pv1 ph1" style="content-visibility:auto;contain-intrinsic-size:198px 340px"><div data-item-id="2XWGHTHU9A94" class="sans-serif mid-gray relative flex flex-column w-100 "><a link-identifier="369278256" href="https://wrd.walmart.com/track?pltfm=desktop&amp;tax=976759_976794_5614446_6189969&amp;rdf=1&amp;plmt=sp-search-middle~desktop~&amp;eventST=click&amp;spQs=gp3ZrM7p0F6yCs9Gr5NqYhB00qyS01V_O68pH49uvEyZB5wrIBQp05tiZrmhWVfSJNKMvemrIfQZ5tW-LBDvlWIdAbtdMapbKeq8DD3JYEU&amp;pos=2&amp;pgId=mac%20and%20cheese&amp;bt=1&amp;adUid=AooOBcV-7uXBu6x1ePeZc0JQomBwo_mIBCSL&amp;storeId=999&amp;mloc=sp-search-middle&amp;pt=search&amp;rd=https%3A%2F%2Fwww.walmart.com%2Fip%2FAnnie-s-Organic-Vegan-Cheddar-Macaroni-Cheese-Microwavable-2-cups-4-02-oz%2F369278256%3FfulfillmentIntent%3DIn-store" class="absolute w-100 h-100 z-1"><span class="w_DY">Annie&#39;s Organic Vegan Cheddar Macaroni &amp; Cheese, Microwavable, 2 cups, 4.02 oz<!-- --> </span></a><div class="" data-testid="list-view"><div class=""><div class="h2 relative mb2"></div><div class="relative"><div class="relative overflow-hidden" style="max-width:290px;height:0;padding-bottom:min(290px, 100%);align-self:center;width:min(290px, 100%)"><img loading="eager" srcset="https://i5.walmartimages.com/asr/3945a6bb-618b-477e-a04d-fafba35943a8.30e277b91eaa76966641bb9336e3a878.png?odnHeight=290&amp;odnWidth=290&amp;odnBg=FFFFFF 1x, https://i5.walmartimages.com/asr/3945a6bb-618b-477e-a04d-fafba35943a8.30e277b91eaa76966641bb9336e3a878.png?odnHeight=580&amp;odnWidth=580&amp;odnBg=FFFFFF 2x" width="" height="" class="absolute top-0 left-0" data-testid="productTileImage" alt="" src="https://i5.walmartimages.com/asr/3945a6bb-618b-477e-a04d-fafba35943a8.30e277b91eaa76966641bb9336e3a878.png?odnHeight=580&amp;odnWidth=580&amp;odnBg=FFFFFF"/></div><div class="absolute z-2 bottom--1"><button class="w_AH w_AJ w_AO pointer bn bg-blue hover-bg-dark-blue white sans-serif b w-auto ph2 flex items-center justify-center shadow-1" type="button" aria-label="Add to cart - Annie&#39;s Organic Vegan Cheddar Macaroni &amp; Cheese, Microwavable, 2 cups, 4.02 oz"><i class="ld ld-Plus" style="font-size:1.5rem;vertical-align:-0.25em" title="add to cart"></i><span class="mr2">Add</span></button></div></div><div class="mt5 mb1" style="height:24px" data-testid="variant-2XWGHTHU9A94"><div class="flex items-center lh-title h2-l normal"><span class="gray f7">Sponsored</span></div></div></div><div class=""><div class="flex flex-wrap justify-start items-center lh-title mb2 mb1-m"><div class="b black f5 mr1 mr2-xl lh-copy f4-l" aria-hidden="true">$2.48</div><span class="w_DY">current price $2.48</span><div class="f7 f6-l gray mr1">61.7 ¢/oz</div></div><span class="w_Bd" style="-webkit-line-clamp:3;padding-bottom:0em;margin-bottom:-0em"><span class="f6 f5-l normal dark-gray mb0 mt1 lh-title">Annie&#39;s Organic Vegan Cheddar Macaroni &amp; Cheese, Microwavable, 2 cups, 4.02 oz</span></span><div class="mv2 flex items-center"><div class="f7 mr1 blue b lh-copy">Save with</div><img loading="lazy" class="pr2 flex" src="//i5.walmartimages.com/dfw/63fd9f59-ac39/29c6759d-7f14-49fa-bd3a-b870eb4fb8fb/v1/wplus-icon-blue.svg" alt="Walmart Plus" height="20" width="20"/></div><div class="mt2 mb2"><span class="w_A w_C w_B mr1 mt1 ph1">Pickup</span><span class="w_A w_C w_B mr1 mt1 ph1">Delivery</span></div><div class="flex flex-wrap justify-start items-center mt2"><span class="gray f6">In stock</span><span style="width:1px;height:14px;margin:3px 5px 3px 7px;background-color:#74767c"></span><i class="ld ld-Location mt1 mb1" style="font-size:1rem;vertical-align:-0.175em"></i><span class="f6">A16</span></div></div></div></div></div></div><div class="mb1 ph1 pa0-xl bb b--near-white w-25"><div class="h-100 pb1-xl pr4-xl pv1 ph1" style="content-visibility:auto;contain-intrinsic-size:198px 340px"><div data-item-id="5P2HN4GEZRB0" class="sans-serif mid-gray relative flex flex-column w-100 "><a link-identifier="389316032" class="absolute w-100 h-100 z-1" href="/ip/Kraft-Macaroni-Cheese-Frozen-Dinner-with-Breaded-Chicken-Nuggets-Broccoli-8-5-oz-Box/389316032?fulfillmentIntent=In-store"><span class="w_DY">Kraft Macaroni &amp; Cheese Frozen Dinner with Breaded Chicken Nuggets &amp; Broccoli, 8.5 oz Box<!-- --> </span></a><div class="" data-testid="list-view"><div class=""><div class="h2 relative mb2"></div><div class="relative"><div class="relative overflow-hidden" style="max-width:290px;height:0;padding-bottom:min(290px, 100%);align-self:center;width:min(290px, 100%)"><img loading="eager" srcset="https://i5.walmartimages.com/asr/6d8cbd16-034d-43f9-8ea0-e95eff16e039.82c8567dd8e1a076cde7dc3e61a9c5c9.jpeg?odnHeight=290&amp;odnWidth=290&amp;odnBg=FFFFFF 1x, https://i5.walmartimages.com/asr/6d8cbd16-034d-43f9-8ea0-e95eff16e039.82c8567dd8e1a076cde7dc3e61a9c5c9.jpeg?odnHeight=580&amp;odnWidth=580&amp;odnBg=FFFFFF 2x" width="" height="" class="absolute top-0 left-0" data-testid="productTileImage" alt="" src="https://i5.walmartimages.com/asr/6d8cbd16-034d-43f9-8ea0-e95eff16e039.82c8567dd8e1a076cde7dc3e61a9c5c9.jpeg?odnHeight=580&amp;odnWidth=580&amp;odnBg=FFFFFF"/></div><div class="absolute z-2 bottom--1"><button class="w_AH w_AJ w_AO pointer bn bg-blue hover-bg-dark-blue white sans-serif b w-auto ph2 flex items-center justify-center shadow-1" type="button" aria-label="Add to cart - Kraft Macaroni &amp; Cheese Frozen Dinner with Breaded Chicken Nuggets &amp; Broccoli, 8.5 oz Box"><i class="ld ld-Plus" style="font-size:1.5rem;vertical-align:-0.25em" title="add to cart"></i><span class="mr2">Add</span></button></div></div><div class="mt5 mb1" style="height:24px" data-testid="variant-5P2HN4GEZRB0"></div></div><div class=""><div class="flex flex-wrap justify-start items-center lh-title mb2 mb1-m"><div class="b black f5 mr1 mr2-xl lh-copy f4-l" aria-hidden="true">$2.78</div><span class="w_DY">current price $2.78</span><div class="f7 f6-l gray mr1">32.7 ¢/oz</div></div><span class="w_Bd" style="-webkit-line-clamp:3;padding-bottom:0em;margin-bottom:-0em"><span class="f6 f5-l normal dark-gray mb0 mt1 lh-title">Kraft Macaroni &amp; Cheese Frozen Dinner with Breaded Chicken Nuggets &amp; Broccoli, 8.5 oz Box</span></span><div class="mv2 flex items-center"><div class="f7 mr1 blue b lh-copy">Save with</div><img loading="lazy" class="pr2 flex" src="//i5.walmartimages.com/dfw/63fd9f59-ac39/29c6759d-7f14-49fa-bd3a-b870eb4fb8fb/v1/wplus-icon-blue.svg" alt="Walmart Plus" height="20" width="20"/></div><div class="mt2 mb2"><span class="w_A w_C w_B mr1 mt1 ph1">Pickup</span><span class="w_A w_C w_B mr1 mt1 ph1">Delivery</span></div><div class="flex flex-wrap justify-start items-center mt2"><span class="gray f6">In stock</span><span style="width:1px;height:14px;margin:3px 5px 3px 7px;background-color:#74767c"></span><i class="ld ld-Location mt1 mb1" style="font-size:1rem;vertical-align:-0.175em"></i><span class="f6">A5</span></div></div></div></div></div></div><div class="mb1 ph1 pa0-xl bb b--near-white w-25"><div class="h-100 pb1-xl pr4-xl pv1 ph1" style="content-visibility:auto;contain-intrinsic-size:198px 340px"><div data-item-id="0WB3S822FDFG" class="sans-serif mid-gray relative flex flex-column w-100 "><a link-identifier="323652969" class="absolute w-100 h-100 z-1" href="/ip/Kraft-Macaroni-Cheese-Frozen-Dinner-with-Chicken-Beef-Meatballs-Apples-in-a-Cinnamon-Sugar-Sauce-8-5-oz-Box/323652969?fulfillmentIntent=In-store"><span class="w_DY">Kraft Macaroni &amp; Cheese Frozen Dinner with Chicken &amp; Beef Meatballs &amp; Apples in a Cinnamon Sugar Sauce, 8.5 oz Box<!-- --> </span></a><div class="" data-testid="list-view"><div class=""><div class="h2 relative mb2"></div><div class="relative"><div class="relative overflow-hidden" style="max-width:290px;height:0;padding-bottom:min(290px, 100%);align-self:center;width:min(290px, 100%)"><img loading="eager" srcset="https://i5.walmartimages.com/asr/4ba894ba-236e-40cc-bccd-95ab9350cec6.b62f3f57315c000114e31c75729bcdb8.jpeg?odnHeight=290&amp;odnWidth=290&amp;odnBg=FFFFFF 1x, https://i5.walmartimages.com/asr/4ba894ba-236e-40cc-bccd-95ab9350cec6.b62f3f57315c000114e31c75729bcdb8.jpeg?odnHeight=580&amp;odnWidth=580&amp;odnBg=FFFFFF 2x" width="" height="" class="absolute top-0 left-0" data-testid="productTileImage" alt="" src="https://i5.walmartimages.com/asr/4ba894ba-236e-40cc-bccd-95ab9350cec6.b62f3f57315c000114e31c75729bcdb8.jpeg?odnHeight=580&amp;odnWidth=580&amp;odnBg=FFFFFF"/></div><div class="absolute z-2 bottom--1"><button class="w_AH w_AJ w_AO pointer bn bg-blue hover-bg-dark-blue white sans-serif b w-auto ph2 flex items-center justify-center shadow-1" type="button" aria-label="Add to cart - Kraft Macaroni &amp; Cheese Frozen Dinner with Chicken &amp; Beef Meatballs &amp; Apples in a Cinnamon Sugar Sauce, 8.5 oz Box"><i class="ld ld-Plus" style="font-size:1.5rem;vertical-align:-0.25em" title="add to cart"></i><span class="mr2">Add</span></button></div></div><div class="mt5 mb1" style="height:24px" data-testid="variant-0WB3S822FDFG"></div></div><div class=""><div class="flex flex-wrap justify-start items-center lh-title mb2 mb1-m"><div class="b black f5 mr1 mr2-xl lh-copy f4-l" aria-hidden="true">$2.78</div><span class="w_DY">current price $2.78</span><div class="f7 f6-l gray mr1">32.7 ¢/oz</div></div><span class="w_Bd" style="-webkit-line-clamp:3;padding-bottom:0em;margin-bottom:-0em"><span class="f6 f5-l normal dark-gray mb0 mt1 lh-title">Kraft Macaroni &amp; Cheese Frozen Dinner with Chicken &amp; Beef Meatballs &amp; Apples in a Cinnamon Sugar Sauce, 8.5 oz Box</span></span><div class="mv2 flex items-center"><div class="f7 mr1 blue b lh-copy">Save with</div><img loading="lazy" class="pr2 flex" src="//i5.walmartimages.com/dfw/63fd9f59-ac39/29c6759d-7f14-49fa-bd3a-b870eb4fb8fb/v1/wplus-icon-blue.svg" alt="Walmart Plus" height="20" width="20"/></div><div class="mt2 mb2"><span class="w_A w_C w_B mr1 mt1 ph1">Pickup</span><span class="w_A w_C w_B mr1 mt1 ph1">Delivery</span></div><div class="flex flex-wrap justify-start items-center mt2"><span class="gray f6">In stock</span><span style="width:1px;height:14px;margin:3px 5px 3px 7px;background-color:#74767c"></span><i class="ld ld-Location mt1 mb1" style="font-size:1rem;vertical-align:-0.175em"></i><span class="f6">A5</span></div></div></div></div></div></div><div class="mb1 ph1 pa0-xl bb b--near-white w-25"><div class="h-100 pb1-xl pr4-xl pv1 ph1" style="content-visibility:auto;contain-intrinsic-size:198px 340px"><div data-item-id="1D9LSVSQLX0W" class="sans-serif mid-gray relative flex flex-column w-100 "><a link-identifier="14940626" class="absolute w-100 h-100 z-1" href="/ip/Velveeta-Shells-Cheese-Original-Microwavable-Shell-Pasta-Cheese-Sauce-2-39-oz-Cup/14940626?fulfillmentIntent=In-store"><span class="w_DY">Velveeta Shells &amp; Cheese Original Microwavable Shell Pasta &amp; Cheese Sauce, 2.39 oz Cup<!-- --> </span></a><div class="" data-testid="list-view"><div class=""><div class="h2 relative mb2"></div><div class="relative"><div class="relative overflow-hidden" style="max-width:290px;height:0;padding-bottom:min(290px, 100%);align-self:center;width:min(290px, 100%)"><img loading="lazy" srcset="https://i5.walmartimages.com/asr/a5355007-7863-4c1f-a9fa-20c7d58aa76f.4e74513378cb69e45e4c0c6a5bffafa3.jpeg?odnHeight=290&amp;odnWidth=290&amp;odnBg=FFFFFF 1x, https://i5.walmartimages.com/asr/a5355007-7863-4c1f-a9fa-20c7d58aa76f.4e74513378cb69e45e4c0c6a5bffafa3.jpeg?odnHeight=580&amp;odnWidth=580&amp;odnBg=FFFFFF 2x" width="" height="" class="absolute top-0 left-0" data-testid="productTileImage" alt="" src="https://i5.walmartimages.com/asr/a5355007-7863-4c1f-a9fa-20c7d58aa76f.4e74513378cb69e45e4c0c6a5bffafa3.jpeg?odnHeight=580&amp;odnWidth=580&amp;odnBg=FFFFFF"/></div><div class="absolute z-2 bottom--1"><button class="w_AH w_AJ w_AO pointer bn bg-blue hover-bg-dark-blue white sans-serif b w-auto ph2 flex items-center justify-center shadow-1" type="button" aria-label="Add to cart - Velveeta Shells &amp; Cheese Original Microwavable Shell Pasta &amp; Cheese Sauce, 2.39 oz Cup"><i class="ld ld-Plus" style="font-size:1.5rem;vertical-align:-0.25em" title="add to cart"></i><span class="mr2">Add</span></button></div></div><div class="mt5 mb1" style="height:24px" data-testid="variant-1D9LSVSQLX0W"></div></div><div class=""><div class="flex flex-wrap justify-start items-center lh-title mb2 mb1-m"><div class="b black f5 mr1 mr2-xl lh-copy f4-l" aria-hidden="true">$1.32</div><span class="w_DY">current price $1.32</span><div class="f7 f6-l gray mr1">55.5 ¢/oz</div></div><span class="w_Bd" style="-webkit-line-clamp:3;padding-bottom:0em;margin-bottom:-0em"><span class="f6 f5-l normal dark-gray mb0 mt1 lh-title">Velveeta Shells &amp; Cheese Original Microwavable Shell Pasta &amp; Cheese Sauce, 2.39 oz Cup</span></span><div class="mv2 flex items-center"><div class="f7 mr1 blue b lh-copy">Save with</div><img loading="lazy" class="pr2 flex" src="//i5.walmartimages.com/dfw/63fd9f59-ac39/29c6759d-7f14-49fa-bd3a-b870eb4fb8fb/v1/wplus-icon-blue.svg" alt="Walmart Plus" height="20" width="20"/></div><div class="mt2 mb2"><span class="w_A w_C w_B mr1 mt1 ph1">Pickup</span><span class="w_A w_C w_B mr1 mt1 ph1">Delivery</span></div><div class="flex flex-wrap justify-start items-center mt2"><span class="gray f6">In stock</span><span style="width:1px;height:14px;margin:3px 5px 3px 7px;background-color:#74767c"></span><i class="ld ld-Location mt1 mb1" style="font-size:1rem;vertical-align:-0.175em"></i><span class="f6">A16</span></div></div></div></div></div></div><div class="mb1 ph1 pa0-xl bb b--near-white w-25"><div class="h-100 pb1-xl pr4-xl pv1 ph1" style="content-visibility:auto;contain-intrinsic-size:198px 340px"><div data-item-id="7CDZ838LJF8H" class="sans-serif mid-gray relative flex flex-column w-100 "><a link-identifier="962502943" class="absolute w-100 h-100 z-1" href="/ip/Bob-Evans-Cheddar-Ranch-Macaroni-Cheese-with-Bacon-20-Oz-Pack-of-1/962502943?fulfillmentIntent=In-store"><span class="w_DY">Bob Evans Cheddar Ranch Macaroni &amp; Cheese with Bacon, 20 Oz, Pack of 1<!-- --> </span></a><div class="" data-testid="list-view"><div class=""><div class="h2 relative mb2"></div><div class="relative"><div class="relative overflow-hidden" style="max-width:290px;height:0;padding-bottom:min(290px, 100%);align-self:center;width:min(290px, 100%)"><img loading="lazy" srcset="https://i5.walmartimages.com/asr/e7714a31-cd09-4fa3-8353-90b0b8269a10.aea1428406e4b21df68c60c2b7fd544c.jpeg?odnHeight=290&amp;odnWidth=290&amp;odnBg=FFFFFF 1x, https://i5.walmartimages.com/asr/e7714a31-cd09-4fa3-8353-90b0b8269a10.aea1428406e4b21df68c60c2b7fd544c.jpeg?odnHeight=580&amp;odnWidth=580&amp;odnBg=FFFFFF 2x" width="" height="" class="absolute top-0 left-0" data-testid="productTileImage" alt="" src="https://i5.walmartimages.com/asr/e7714a31-cd09-4fa3-8353-90b0b8269a10.aea1428406e4b21df68c60c2b7fd544c.jpeg?odnHeight=580&amp;odnWidth=580&amp;odnBg=FFFFFF"/></div><div class="absolute z-2 bottom--1"><button class="w_AH w_AJ w_AO pointer bn bg-blue hover-bg-dark-blue white sans-serif b w-auto ph2 flex items-center justify-center shadow-1" type="button" aria-label="Add to cart - Bob Evans Cheddar Ranch Macaroni &amp; Cheese with Bacon, 20 Oz, Pack of 1"><i class="ld ld-Plus" style="font-size:1.5rem;vertical-align:-0.25em" title="add to cart"></i><span class="mr2">Add</span></button></div></div><div class="mt5 mb1" style="height:24px" data-testid="variant-7CDZ838LJF8H"></div></div><div class=""><div class="flex flex-wrap justify-start items-center lh-title mb2 mb1-m"><div class="b black f5 mr1 mr2-xl lh-copy f4-l" aria-hidden="true">$3.38</div><span class="w_DY">current price $3.38</span><div class="f7 f6-l gray mr1">16.9 ¢/oz</div></div><span class="w_Bd" style="-webkit-line-clamp:3;padding-bottom:0em;margin-bottom:-0em"><span class="f6 f5-l normal dark-gray mb0 mt1 lh-title">Bob Evans Cheddar Ranch Macaroni &amp; Cheese with Bacon, 20 Oz, Pack of 1</span></span><div class="mv2 flex items-center"><div class="f7 mr1 blue b lh-copy">Save with</div><img loading="lazy" class="pr2 flex" src="//i5.walmartimages.com/dfw/63fd9f59-ac39/29c6759d-7f14-49fa-bd3a-b870eb4fb8fb/v1/wplus-icon-blue.svg" alt="Walmart Plus" height="20" width="20"/></div><div class="mt2 mb2"><span class="w_A w_C w_B mr1 mt1 ph1">Pickup</span><span class="w_A w_C w_B mr1 mt1 ph1">Delivery</span></div><div class="flex flex-wrap justify-start items-center mt2"><span class="gray f6">In stock</span><span style="width:1px;height:14px;margin:3px 5px 3px 7px;background-color:#74767c"></span><i class="ld ld-Location mt1 mb1" style="font-size:1rem;vertical-align:-0.175em"></i><span class="f6">A40</span></div></div></div></div></div></div><div class="mb1 ph1 pa0-xl bb b--near-white w-25"><div class="h-100 pb1-xl pr4-xl pv1 ph1" style="content-visibility:auto;contain-intrinsic-size:198px 340px"><div data-item-id="1TLOYHHZCCN7" class="sans-serif mid-gray relative flex flex-column w-100 "><a link-identifier="47456196" class="absolute w-100 h-100 z-1" href="/ip/Banquet-Mega-Meals-Boneless-Fried-Chicken-Frozen-Dinner-12-Ounce/47456196?fulfillmentIntent=In-store"><span class="w_DY">Banquet Mega Meals Boneless Fried Chicken Frozen Dinner, 12 Ounce<!-- --> </span></a><div class="" data-testid="list-view"><div class=""><div class="h2 relative mb2"></div><div class="relative"><div class="relative overflow-hidden" style="max-width:290px;height:0;padding-bottom:min(290px, 100%);align-self:center;width:min(290px, 100%)"><img loading="lazy" srcset="https://i5.walmartimages.com/asr/a78af3ed-5747-46e3-92e9-feab247c2170.bc662f56ac35e04b14af429fced1580d.jpeg?odnHeight=290&amp;odnWidth=290&amp;odnBg=FFFFFF 1x, https://i5.walmartimages.com/asr/a78af3ed-5747-46e3-92e9-feab247c2170.bc662f56ac35e04b14af429fced1580d.jpeg?odnHeight=580&amp;odnWidth=580&amp;odnBg=FFFFFF 2x" width="" height="" class="absolute top-0 left-0" data-testid="productTileImage" alt="" src="https://i5.walmartimages.com/asr/a78af3ed-5747-46e3-92e9-feab247c2170.bc662f56ac35e04b14af429fced1580d.jpeg?odnHeight=580&amp;odnWidth=580&amp;odnBg=FFFFFF"/></div><div class="absolute z-2 bottom--1"><button class="w_AH w_AJ w_AO pointer bn bg-blue hover-bg-dark-blue white sans-serif b w-auto ph2 flex items-center justify-center shadow-1" type="button" aria-label="Add to cart - Banquet Mega Meals Boneless Fried Chicken Frozen Dinner, 12 Ounce"><i class="ld ld-Plus" style="font-size:1.5rem;vertical-align:-0.25em" title="add to cart"></i><span class="mr2">Add</span></button></div></div><div class="mt5 mb1" style="height:24px" data-testid="variant-1TLOYHHZCCN7"></div></div><div class=""><div class="flex flex-wrap justify-start items-center lh-title mb2 mb1-m"><div class="b black f5 mr1 mr2-xl lh-copy f4-l" aria-hidden="true">$2.34</div><span class="w_DY">current price $2.34</span><div class="f7 f6-l gray mr1">19.5 ¢/oz</div></div><span class="w_Bd" style="-webkit-line-clamp:3;padding-bottom:0em;margin-bottom:-0em"><span class="f6 f5-l normal dark-gray mb0 mt1 lh-title">Banquet Mega Meals Boneless Fried Chicken Frozen Dinner, 12 Ounce</span></span><div class="mv2 flex items-center"><div class="f7 mr1 blue b lh-copy">Save with</div><img loading="lazy" class="pr2 flex" src="//i5.walmartimages.com/dfw/63fd9f59-ac39/29c6759d-7f14-49fa-bd3a-b870eb4fb8fb/v1/wplus-icon-blue.svg" alt="Walmart Plus" height="20" width="20"/></div><div class="mt2 mb2"><span class="w_A w_C w_B mr1 mt1 ph1">Pickup</span><span class="w_A w_C w_B mr1 mt1 ph1">Delivery</span></div><div class="flex flex-wrap justify-start items-center mt2"><span class="gray f6">In stock</span><span style="width:1px;height:14px;margin:3px 5px 3px 7px;background-color:#74767c"></span><i class="ld ld-Location mt1 mb1" style="font-size:1rem;vertical-align:-0.175em"></i><span class="f6">A5</span></div></div></div></div></div></div><div class="mb1 ph1 pa0-xl bb b--near-white w-25"><div class="h-100 pb1-xl pr4-xl pv1 ph1" style="content-visibility:auto;contain-intrinsic-size:198px 340px"><div data-item-id="0YNG4E37NZD9" class="sans-serif mid-gray relative flex flex-column w-100 "><a link-identifier="17247575" class="absolute w-100 h-100 z-1" href="/ip/Velveeta-Skillets-Ultimate-Cheeseburger-Mac-One-Pan-Dinner-Kit-with-Cheese-Sauce-Pasta-Seasonings-12-8-oz-Box/17247575?fulfillmentIntent=In-store"><span class="w_DY">Velveeta Skillets Ultimate Cheeseburger Mac One Pan Dinner Kit with Cheese Sauce, Pasta &amp; Seasonings, 12.8 oz Box<!-- --> </span></a><div class="" data-testid="list-view"><div class=""><div class="h2 relative mb2"></div><div class="relative"><div class="relative overflow-hidden" style="max-width:290px;height:0;padding-bottom:min(290px, 100%);align-self:center;width:min(290px, 100%)"><img loading="lazy" srcset="https://i5.walmartimages.com/asr/9207fbed-532b-4180-81d0-703d471d3326.6dc376b8bcb41a83e5f70e35869a90b9.jpeg?odnHeight=290&amp;odnWidth=290&amp;odnBg=FFFFFF 1x, https://i5.walmartimages.com/asr/9207fbed-532b-4180-81d0-703d471d3326.6dc376b8bcb41a83e5f70e35869a90b9.jpeg?odnHeight=580&amp;odnWidth=580&amp;odnBg=FFFFFF 2x" width="" height="" class="absolute top-0 left-0" data-testid="productTileImage" alt="" src="https://i5.walmartimages.com/asr/9207fbed-532b-4180-81d0-703d471d3326.6dc376b8bcb41a83e5f70e35869a90b9.jpeg?odnHeight=580&amp;odnWidth=580&amp;odnBg=FFFFFF"/></div><div class="absolute z-2 bottom--1"><button class="w_AH w_AJ w_AO pointer bn bg-blue hover-bg-dark-blue white sans-serif b w-auto ph2 flex items-center justify-center shadow-1" type="button" aria-label="Add to cart - Velveeta Skillets Ultimate Cheeseburger Mac One Pan Dinner Kit with Cheese Sauce, Pasta &amp; Seasonings, 12.8 oz Box"><i class="ld ld-Plus" style="font-size:1.5rem;vertical-align:-0.25em" title="add to cart"></i><span class="mr2">Add</span></button></div></div><div class="mt5 mb1" style="height:24px" data-testid="variant-0YNG4E37NZD9"></div></div><div class=""><div class="flex flex-wrap justify-start items-center lh-title mb2 mb1-m"><div class="b black f5 mr1 mr2-xl lh-copy f4-l" aria-hidden="true">$2.98</div><span class="w_DY">current price $2.98</span><div class="f7 f6-l gray mr1">23.3 ¢/oz</div></div><span class="w_Bd" style="-webkit-line-clamp:3;padding-bottom:0em;margin-bottom:-0em"><span class="f6 f5-l normal dark-gray mb0 mt1 lh-title">Velveeta Skillets Ultimate Cheeseburger Mac One Pan Dinner Kit with Cheese Sauce, Pasta &amp; Seasonings, 12.8 oz Box</span></span><div class="mv2 flex items-center"><div class="f7 mr1 blue b lh-copy">Save with</div><img loading="lazy" class="pr2 flex" src="//i5.walmartimages.com/dfw/63fd9f59-ac39/29c6759d-7f14-49fa-bd3a-b870eb4fb8fb/v1/wplus-icon-blue.svg" alt="Walmart Plus" height="20" width="20"/></div><div class="mt2 mb2"><span class="w_A w_C w_B mr1 mt1 ph1">Pickup</span><span class="w_A w_C w_B mr1 mt1 ph1">Delivery</span><span class="w_A w_C w_B mr1 mt1 ph1">3+ day shipping</span></div><div class="flex flex-wrap justify-start items-center mt2"><span class="gray f6">In stock</span><span style="width:1px;height:14px;margin:3px 5px 3px 7px;background-color:#74767c"></span><i class="ld ld-Location mt1 mb1" style="font-size:1rem;vertical-align:-0.175em"></i><span class="f6">A16</span></div></div></div></div></div></div><div class="mb1 ph1 pa0-xl bb b--near-white w-25"><div class="h-100 pb1-xl pr4-xl pv1 ph1" style="content-visibility:auto;contain-intrinsic-size:198px 340px"><div data-item-id="3ZKYYKPI4YNS" class="sans-serif mid-gray relative flex flex-column w-100 "><a link-identifier="337708685" class="absolute w-100 h-100 z-1" href="/ip/Great-Value-Gluten-Free-Macaroni-Cheese-6-oz/337708685?fulfillmentIntent=In-store"><span class="w_DY">Great Value Gluten-Free Macaroni &amp; Cheese, 6 oz<!-- --> </span></a><div class="" data-testid="list-view"><div class=""><div class="h2 relative mb2"></div><div class="relative"><div class="relative overflow-hidden" style="max-width:290px;height:0;padding-bottom:min(290px, 100%);align-self:center;width:min(290px, 100%)"><img loading="lazy" srcset="https://i5.walmartimages.com/asr/480a4176-50c3-47de-a8b4-e02de42d78c9_3.fc9f7214357d5764646f98a0f1672eba.jpeg?odnHeight=290&amp;odnWidth=290&amp;odnBg=FFFFFF 1x, https://i5.walmartimages.com/asr/480a4176-50c3-47de-a8b4-e02de42d78c9_3.fc9f7214357d5764646f98a0f1672eba.jpeg?odnHeight=580&amp;odnWidth=580&amp;odnBg=FFFFFF 2x" width="" height="" class="absolute top-0 left-0" data-testid="productTileImage" alt="" src="https://i5.walmartimages.com/asr/480a4176-50c3-47de-a8b4-e02de42d78c9_3.fc9f7214357d5764646f98a0f1672eba.jpeg?odnHeight=580&amp;odnWidth=580&amp;odnBg=FFFFFF"/></div><div class="absolute z-2 bottom--1"><button class="w_AH w_AJ w_AO pointer bn bg-blue hover-bg-dark-blue white sans-serif b w-auto ph2 flex items-center justify-center shadow-1" type="button" aria-label="Add to cart - Great Value Gluten-Free Macaroni &amp; Cheese, 6 oz"><i class="ld ld-Plus" style="font-size:1.5rem;vertical-align:-0.25em" title="add to cart"></i><span class="mr2">Add</span></button></div></div><div class="mt5 mb1" style="height:24px" data-testid="variant-3ZKYYKPI4YNS"></div></div><div class=""><div class="flex flex-wrap justify-start items-center lh-title mb2 mb1-m"><div class="b black f5 mr1 mr2-xl lh-copy f4-l" aria-hidden="true">$1.28</div><span class="w_DY">current price $1.28</span><div class="f7 f6-l gray mr1">21.3 ¢/oz</div></div><span class="w_Bd" style="-webkit-line-clamp:3;padding-bottom:0em;margin-bottom:-0em"><span class="f6 f5-l normal dark-gray mb0 mt1 lh-title">Great Value Gluten-Free Macaroni &amp; Cheese, 6 oz</span></span><div class="mv2 flex items-center"><div class="f7 mr1 blue b lh-copy">Save with</div><img loading="lazy" class="pr2 flex" src="//i5.walmartimages.com/dfw/63fd9f59-ac39/29c6759d-7f14-49fa-bd3a-b870eb4fb8fb/v1/wplus-icon-blue.svg" alt="Walmart Plus" height="20" width="20"/></div><div class="mt2 mb2"><span class="w_A w_C w_B mr1 mt1 ph1">Pickup</span><span class="w_A w_C w_B mr1 mt1 ph1">Delivery</span></div><div class="flex flex-wrap justify-start items-center mt2"><span class="gray f6">In stock</span><span style="width:1px;height:14px;margin:3px 5px 3px 7px;background-color:#74767c"></span><i class="ld ld-Location mt1 mb1" style="font-size:1rem;vertical-align:-0.175em"></i><span class="f6">A17</span></div></div></div></div></div></div><div class="mb1 ph1 pa0-xl bb b--near-white w-25"><div class="h-100 pb1-xl pr4-xl pv1 ph1" style="content-visibility:auto;contain-intrinsic-size:198px 340px"><div data-item-id="4TNR8BX9VFDF" class="sans-serif mid-gray relative flex flex-column w-100 "><a link-identifier="812324614" class="absolute w-100 h-100 z-1" href="/ip/Marie-Callender-s-Spicy-Buffalo-Style-Chicken-Mac-Cheese-Bowl-11-5-oz/812324614?fulfillmentIntent=In-store"><span class="w_DY">Marie Callender&#39;s Spicy Buffalo Style Chicken Mac &amp; Cheese Bowl, 11.5 oz<!-- --> </span></a><div class="" data-testid="list-view"><div class=""><div class="h2 relative mb2"></div><div class="relative"><div class="relative overflow-hidden" style="max-width:290px;height:0;padding-bottom:min(290px, 100%);align-self:center;width:min(290px, 100%)"><img loading="lazy" srcset="https://i5.walmartimages.com/asr/be0f20cc-93ce-468e-b206-872ee0df2c41.c3ab4a8635b983456c53e04ffb4b0122.jpeg?odnHeight=290&amp;odnWidth=290&amp;odnBg=FFFFFF 1x, https://i5.walmartimages.com/asr/be0f20cc-93ce-468e-b206-872ee0df2c41.c3ab4a8635b983456c53e04ffb4b0122.jpeg?odnHeight=580&amp;odnWidth=580&amp;odnBg=FFFFFF 2x" width="" height="" class="absolute top-0 left-0" data-testid="productTileImage" alt="" src="https://i5.walmartimages.com/asr/be0f20cc-93ce-468e-b206-872ee0df2c41.c3ab4a8635b983456c53e04ffb4b0122.jpeg?odnHeight=580&amp;odnWidth=580&amp;odnBg=FFFFFF"/></div><div class="absolute z-2 bottom--1"><button class="w_AH w_AJ w_AO pointer bn bg-blue hover-bg-dark-blue white sans-serif b w-auto ph2 flex items-center justify-center shadow-1" type="button" aria-label="Add to cart - Marie Callender&#39;s Spicy Buffalo Style Chicken Mac &amp; Cheese Bowl, 11.5 oz"><i class="ld ld-Plus" style="font-size:1.5rem;vertical-align:-0.25em" title="add to cart"></i><span class="mr2">Add</span></button></div></div><div class="mt5 mb1" style="height:24px" data-testid="variant-4TNR8BX9VFDF"></div></div><div class=""><div class="flex flex-wrap justify-start items-center lh-title mb2 mb1-m"><div class="b black f5 mr1 mr2-xl lh-copy f4-l" aria-hidden="true">$2.48</div><span class="w_DY">current price $2.48</span><div class="f7 f6-l gray mr1">21.6 ¢/oz</div></div><span class="w_Bd" style="-webkit-line-clamp:3;padding-bottom:0em;margin-bottom:-0em"><span class="f6 f5-l normal dark-gray mb0 mt1 lh-title">Marie Callender&#39;s Spicy Buffalo Style Chicken Mac &amp; Cheese Bowl, 11.5 oz</span></span><div class="mv2 flex items-center"><div class="f7 mr1 blue b lh-copy">Save with</div><img loading="lazy" class="pr2 flex" src="//i5.walmartimages.com/dfw/63fd9f59-ac39/29c6759d-7f14-49fa-bd3a-b870eb4fb8fb/v1/wplus-icon-blue.svg" alt="Walmart Plus" height="20" width="20"/></div><div class="mt2 mb2"><span class="w_A w_C w_B mr1 mt1 ph1">Pickup</span><span class="w_A w_C w_B mr1 mt1 ph1">Delivery</span></div><div class="flex flex-wrap justify-start items-center mt2"><span class="gray f6">In stock</span><span style="width:1px;height:14px;margin:3px 5px 3px 7px;background-color:#74767c"></span><i class="ld ld-Location mt1 mb1" style="font-size:1rem;vertical-align:-0.175em"></i><span class="f6">A5</span></div></div></div></div></div></div></div></section></div><div class="w_AZ pa0" id="SEARCH-MarqueeDisplayAd-marquee2-mac and cheese-3"></div><div class="pt3"><div class="w_AZ pa0" id="SEARCH-SponsoredProductCarousel-bottom-mac and cheese-3"></div></div></div></div></div></div></main></div></div><span><footer class="bg-washed-blue pt5 lh-copy relative z-0"><div class="mb5 pv1 tc"><p class="f5 mt0">We’d love to hear what you think!</p><button class="w_AH w_AK w_AO" type="button">Give feedback</button></div><div class="bg-dark-blue pv4"><ul class="center flex flex-wrap justify-center list ma0 ph4 pb4 pt3" style="max-width:1280px"><li><a link-identifier="Privacy &amp; Security" href="https://corporate.walmart.com/privacy-security" class="no-underline pointer f6 white mr4" aria-label="Privacy &amp; Security - opens in a new window" target="_blank" rel="noopener noreferrer">Privacy &amp; Security</a></li><li><a link-identifier="CA Privacy Rights" href="https://corporate.walmart.com/privacy-security/california-privacy-rights" class="no-underline pointer f6 white mr4" aria-label="CA Privacy Rights - opens in a new window" target="_blank" rel="noopener noreferrer">CA Privacy Rights</a></li><li><a link-identifier="Do Not Sell My Personal Information" href="https://www.walmart.com/account/api/ccpa-intake?native=false&amp;app=gm&amp;type=sod" class="no-underline pointer f6 white mr4" aria-label="Do Not Sell My Personal Information - opens in a new window" target="_blank" rel="noopener noreferrer">Do Not Sell My Personal Information</a></li><li><a link-identifier="Request My Personal Information" href="https://www.walmart.com/account/api/ccpa-intake?native=false&amp;app=gm&amp;type=access" class="no-underline pointer f6 white mr4" aria-label="Request My Personal Information - opens in a new window" target="_blank" rel="noopener noreferrer">Request My Personal Information</a></li><li><a link-identifier="Help" class="no-underline pointer f6 white mr4" href="/help">Help</a></li><li><a link-identifier="Terms of Use" class="no-underline pointer f6 white mr4" href="/help/article/walmart-com-terms-of-use/3b75080af40340d6bbd596f116fae5a0">Terms of Use</a></li><li><a link-identifier="All Departments" class="no-underline pointer f6 white mr4" href="/all-departments">All Departments</a></li><li><a link-identifier="Store Directory" class="no-underline pointer f6 white" href="/store/directory">Store Directory</a></li></ul><div class="pt2 f7 lh-title tc white">© 2021 Walmart. All Rights Reserved.</div></div></footer></span></div></div></div><div aria-live="assertive"></div></div><script id="__NEXT_DATA__" type="application/json" nonce="W-eHcQ_x55acvK3m">{"props":{"pageProps":{"initialData":{"moduleDataByZone":{"pillsTopZone":{"name":"0825 Guided Nav Pills","version":1,"type":"PillsModule","moduleId":"d80c120b-3158-42ac-9525-9b22e6c4fbac","schedule":{"priority":1},"matchedTrigger":{"zone":"pillsTopZone"},"configs":{"__typename":"TempoWM_GLASSWWWPillsModuleConfigs","moduleSource":"chipModule","pillsV2":[{"title":"Kraft Macaroni and Cheese","url":"https://www.walmart.com/search?q=Kraft+Macaroni+and+Cheese","image":null,"baseSeoURL":null},{"title":"Annie's Mac \u0026 cheese","url":"https://www.walmart.com/search?q=annie%27s+macaroni+and+cheese","image":null,"baseSeoURL":null},{"title":"Velveeta Mac \u0026 Cheese","url":"https://www.walmart.com/search?q=velveeta+macaroni+and+cheese","image":null,"baseSeoURL":null},{"title":"Cheetos Mac \u0026 Cheese","url":"https://www.walmart.com/search?q=cheetos+macaroni+and+cheese","image":null,"baseSeoURL":null},{"title":"Cup Macaroni and Cheese","url":"https://www.walmart.com/search?q=cup+macaroni+and+cheese","image":null,"baseSeoURL":null},{"title":"Frozen Macaroni \u0026 Cheese","url":"https://www.walmart.com/search?q=frozen+macaroni+and+cheese","image":null,"baseSeoURL":null}]}},"topZone3":{"name":"Default Sort \u0026 Filter","version":3,"type":"SearchSortFilterModule","moduleId":"8d6b5e69-db36-453a-bd8a-fcf0de045072","schedule":{"priority":1},"matchedTrigger":{"zone":"topZone3"},"configs":{"__typename":"_TempoWM_GLASSWWWSearchSortFilterModuleConfigs","facetsV1":[{"name":"Sort","type":"sort","layout":"default","min":null,"max":null,"selectedMin":null,"selectedMax":null,"unboundedMax":null,"stepSize":null,"values":[{"id":"best_seller","name":"Best Seller","description":null,"type":null,"itemCount":null,"isSelected":false,"baseSeoURL":null},{"id":"best_match","name":"Best Match","description":null,"type":null,"itemCount":null,"isSelected":true,"baseSeoURL":null},{"id":"price_low","name":"Price: low to high","description":null,"type":null,"itemCount":null,"isSelected":false,"baseSeoURL":null},{"id":"price_high","name":"Price: high to low","description":null,"type":null,"itemCount":null,"isSelected":false,"baseSeoURL":null}]},{"name":"In-store","type":"fulfillment_method_in_store","layout":"pill","min":null,"max":null,"selectedMin":null,"selectedMax":null,"unboundedMax":null,"stepSize":null,"values":null},{"name":"Fulfillment Method","type":"fulfillment_method","layout":"pill","min":null,"max":null,"selectedMin":null,"selectedMax":null,"unboundedMax":null,"stepSize":null,"values":[{"id":null,"name":"Pickup","description":"We'll bring it to you curbside or come inside to pick it up.","type":null,"itemCount":0,"isSelected":null,"baseSeoURL":null},{"id":null,"name":"Delivery","description":"Get your order brought to you from a store. Free with W+.","type":null,"itemCount":0,"isSelected":null,"baseSeoURL":null},{"id":null,"name":"Shipping","description":"Get your order shipped fast via FedEx or UPS.","type":null,"itemCount":0,"isSelected":null,"baseSeoURL":null}]},{"name":"Price","type":"price","layout":"pill","min":0,"max":20,"selectedMin":null,"selectedMax":null,"unboundedMax":true,"stepSize":1,"values":null},{"name":"Brand","type":"brand","layout":"pill","min":null,"max":null,"selectedMin":null,"selectedMax":null,"unboundedMax":null,"stepSize":null,"values":[{"id":null,"name":"Kraft","description":null,"type":null,"itemCount":27,"isSelected":null,"baseSeoURL":null},{"id":null,"name":"Great Value","description":null,"type":null,"itemCount":27,"isSelected":null,"baseSeoURL":null},{"id":null,"name":"Velveeta","description":null,"type":null,"itemCount":12,"isSelected":null,"baseSeoURL":null},{"id":null,"name":"Annie's","description":null,"type":null,"itemCount":19,"isSelected":null,"baseSeoURL":null},{"id":null,"name":"Cheetos","description":null,"type":null,"itemCount":6,"isSelected":null,"baseSeoURL":null},{"id":null,"name":"Marketside","description":null,"type":null,"itemCount":1,"isSelected":null,"baseSeoURL":null},{"id":null,"name":"Stouffer's","description":null,"type":null,"itemCount":7,"isSelected":null,"baseSeoURL":null},{"id":null,"name":"Chef Boyardee","description":null,"type":null,"itemCount":2,"isSelected":null,"baseSeoURL":null},{"id":null,"name":"Bob Evans","description":null,"type":null,"itemCount":4,"isSelected":null,"baseSeoURL":null},{"id":null,"name":"Knorr","description":null,"type":null,"itemCount":2,"isSelected":null,"baseSeoURL":null},{"id":null,"name":"Marie Callender's","description":null,"type":null,"itemCount":2,"isSelected":null,"baseSeoURL":null},{"id":null,"name":"Hormel","description":null,"type":null,"itemCount":8,"isSelected":null,"baseSeoURL":null},{"id":null,"name":"Pinkfong","description":null,"type":null,"itemCount":1,"isSelected":null,"baseSeoURL":null},{"id":null,"name":"Banquet","description":null,"type":null,"itemCount":4,"isSelected":null,"baseSeoURL":null},{"id":null,"name":"Panera Bread","description":null,"type":null,"itemCount":1,"isSelected":null,"baseSeoURL":null},{"id":null,"name":"Barilla","description":null,"type":null,"itemCount":1,"isSelected":null,"baseSeoURL":null},{"id":null,"name":"Hamburger Helper","description":null,"type":null,"itemCount":5,"isSelected":null,"baseSeoURL":null},{"id":null,"name":"Birdseye","description":null,"type":null,"itemCount":2,"isSelected":null,"baseSeoURL":null},{"id":null,"name":"Cracker Barrel","description":null,"type":null,"itemCount":2,"isSelected":null,"baseSeoURL":null},{"id":null,"name":"Lean Cuisine","description":null,"type":null,"itemCount":3,"isSelected":null,"baseSeoURL":null},{"id":null,"name":"Michelina's","description":null,"type":null,"itemCount":2,"isSelected":null,"baseSeoURL":null}]},{"name":"Departments","type":"cat_id","layout":"default","min":null,"max":null,"selectedMin":null,"selectedMax":null,"unboundedMax":null,"stepSize":null,"values":[{"id":"976759","name":"Food","description":null,"type":"cat_id","itemCount":142,"isSelected":null,"baseSeoURL":"/browse/food/976759"}]},{"name":"Fulfillment Speed","type":"fulfillment_speed","layout":"pill","min":null,"max":null,"selectedMin":null,"selectedMax":null,"unboundedMax":null,"stepSize":null,"values":[{"id":null,"name":"Today","description":null,"type":null,"itemCount":0,"isSelected":null,"baseSeoURL":null},{"id":null,"name":"Tomorrow","description":null,"type":null,"itemCount":0,"isSelected":null,"baseSeoURL":null},{"id":null,"name":"2 days","description":null,"type":null,"itemCount":0,"isSelected":null,"baseSeoURL":null},{"id":null,"name":"Anytime","description":null,"type":null,"itemCount":0,"isSelected":null,"baseSeoURL":null}]},{"name":"Flavor","type":"flavor","layout":"default","min":null,"max":null,"selectedMin":null,"selectedMax":null,"unboundedMax":null,"stepSize":null,"values":[{"id":null,"name":"Cheese","description":null,"type":null,"itemCount":19,"isSelected":null,"baseSeoURL":null},{"id":null,"name":"Original","description":null,"type":null,"itemCount":19,"isSelected":null,"baseSeoURL":null},{"id":null,"name":"Unflavored","description":null,"type":null,"itemCount":1,"isSelected":null,"baseSeoURL":null},{"id":null,"name":"White Cheddar","description":null,"type":null,"itemCount":1,"isSelected":null,"baseSeoURL":null}]},{"name":"Customer Rating","type":"customer_rating","layout":"default","min":null,"max":null,"selectedMin":null,"selectedMax":null,"unboundedMax":null,"stepSize":null,"values":[{"id":null,"name":"4 - 5 Stars","description":null,"type":null,"itemCount":10,"isSelected":null,"baseSeoURL":null},{"id":null,"name":"3 - 3.9 Stars","description":null,"type":null,"itemCount":10,"isSelected":null,"baseSeoURL":null},{"id":null,"name":"2 - 2.9 Stars","description":null,"type":null,"itemCount":10,"isSelected":null,"baseSeoURL":null},{"id":null,"name":"1 - 1.9 Stars","description":null,"type":null,"itemCount":10,"isSelected":null,"baseSeoURL":null}]},{"name":"Special Diet Needs","type":"dietary_need","layout":"default","min":null,"max":null,"selectedMin":null,"selectedMax":null,"unboundedMax":null,"stepSize":null,"values":[{"id":null,"name":"Cholesterol-Free","description":null,"type":null,"itemCount":2,"isSelected":null,"baseSeoURL":null},{"id":null,"name":"Dairy-Free","description":null,"type":null,"itemCount":1,"isSelected":null,"baseSeoURL":null},{"id":null,"name":"Fat-Free","description":null,"type":null,"itemCount":1,"isSelected":null,"baseSeoURL":null},{"id":null,"name":"GMO-Free","description":null,"type":null,"itemCount":1,"isSelected":null,"baseSeoURL":null},{"id":null,"name":"Gluten-Free","description":null,"type":null,"itemCount":6,"isSelected":null,"baseSeoURL":null},{"id":null,"name":"High Protein","description":null,"type":null,"itemCount":1,"isSelected":null,"baseSeoURL":null},{"id":null,"name":"Kosher","description":null,"type":null,"itemCount":9,"isSelected":null,"baseSeoURL":null},{"id":null,"name":"Lactose-Free","description":null,"type":null,"itemCount":1,"isSelected":null,"baseSeoURL":null},{"id":null,"name":"Low Fat","description":null,"type":null,"itemCount":1,"isSelected":null,"baseSeoURL":null},{"id":null,"name":"Low Sodium","description":null,"type":null,"itemCount":1,"isSelected":null,"baseSeoURL":null},{"id":null,"name":"No Artificial Colors","description":null,"type":null,"itemCount":2,"isSelected":null,"baseSeoURL":null},{"id":null,"name":"No Artificial Flavors","description":null,"type":null,"itemCount":6,"isSelected":null,"baseSeoURL":null},{"id":null,"name":"No Preservatives","description":null,"type":null,"itemCount":8,"isSelected":null,"baseSeoURL":null},{"id":null,"name":"Organic","description":null,"type":null,"itemCount":16,"isSelected":null,"baseSeoURL":null},{"id":null,"name":"Soy-Free","description":null,"type":null,"itemCount":1,"isSelected":null,"baseSeoURL":null},{"id":null,"name":"Sugar-Free","description":null,"type":null,"itemCount":1,"isSelected":null,"baseSeoURL":null},{"id":null,"name":"Trans Fat-Free","description":null,"type":null,"itemCount":11,"isSelected":null,"baseSeoURL":null},{"id":null,"name":"Vegan","description":null,"type":null,"itemCount":8,"isSelected":null,"baseSeoURL":null}]},{"name":"Category","type":"category","layout":"default","min":null,"max":null,"selectedMin":null,"selectedMax":null,"unboundedMax":null,"stepSize":null,"values":[{"id":null,"name":"Boxed Meals \u0026 Side Dishes","description":null,"type":null,"itemCount":7,"isSelected":null,"baseSeoURL":null},{"id":null,"name":"Canned Grains","description":null,"type":null,"itemCount":1,"isSelected":null,"baseSeoURL":null},{"id":null,"name":"Chili","description":null,"type":null,"itemCount":2,"isSelected":null,"baseSeoURL":null},{"id":null,"name":"Dry Beans","description":null,"type":null,"itemCount":1,"isSelected":null,"baseSeoURL":null},{"id":null,"name":"Frozen Meals \u0026 Entrees","description":null,"type":null,"itemCount":1,"isSelected":null,"baseSeoURL":null},{"id":null,"name":"Frozen Pasta \u0026 Noodles","description":null,"type":null,"itemCount":1,"isSelected":null,"baseSeoURL":null},{"id":null,"name":"Packaged Seafood","description":null,"type":null,"itemCount":1,"isSelected":null,"baseSeoURL":null},{"id":null,"name":"Pasta \u0026 Noodles","description":null,"type":null,"itemCount":7,"isSelected":null,"baseSeoURL":null},{"id":null,"name":"Pasta Meals \u0026 Mixes","description":null,"type":null,"itemCount":1,"isSelected":null,"baseSeoURL":null},{"id":null,"name":"Prepared Foods","description":null,"type":null,"itemCount":2,"isSelected":null,"baseSeoURL":null},{"id":null,"name":"Soups","description":null,"type":null,"itemCount":1,"isSelected":null,"baseSeoURL":null}]},{"name":"Container","type":"container_type","layout":"default","min":null,"max":null,"selectedMin":null,"selectedMax":null,"unboundedMax":null,"stepSize":null,"values":[{"id":null,"name":"Box","description":null,"type":null,"itemCount":55,"isSelected":null,"baseSeoURL":null},{"id":null,"name":"Can","description":null,"type":null,"itemCount":6,"isSelected":null,"baseSeoURL":null},{"id":null,"name":"Cup","description":null,"type":null,"itemCount":5,"isSelected":null,"baseSeoURL":null},{"id":null,"name":"Pouch","description":null,"type":null,"itemCount":2,"isSelected":null,"baseSeoURL":null},{"id":null,"name":"Tray","description":null,"type":null,"itemCount":3,"isSelected":null,"baseSeoURL":null}]},{"name":"Nutritional Content","type":"nutrient_content_claims","layout":"default","min":null,"max":null,"selectedMin":null,"selectedMax":null,"unboundedMax":null,"stepSize":null,"values":[{"id":null,"name":"Cholesterol-Free","description":null,"type":null,"itemCount":2,"isSelected":null,"baseSeoURL":null},{"id":null,"name":"Dairy-Free","description":null,"type":null,"itemCount":1,"isSelected":null,"baseSeoURL":null},{"id":null,"name":"Fat-Free","description":null,"type":null,"itemCount":1,"isSelected":null,"baseSeoURL":null},{"id":null,"name":"GMO-Free","description":null,"type":null,"itemCount":1,"isSelected":null,"baseSeoURL":null},{"id":null,"name":"Gluten-Free","description":null,"type":null,"itemCount":6,"isSelected":null,"baseSeoURL":null},{"id":null,"name":"High Protein","description":null,"type":null,"itemCount":1,"isSelected":null,"baseSeoURL":null},{"id":null,"name":"Kosher","description":null,"type":null,"itemCount":9,"isSelected":null,"baseSeoURL":null},{"id":null,"name":"Lactose-Free","description":null,"type":null,"itemCount":1,"isSelected":null,"baseSeoURL":null},{"id":null,"name":"Low Fat","description":null,"type":null,"itemCount":1,"isSelected":null,"baseSeoURL":null},{"id":null,"name":"Low Sodium","description":null,"type":null,"itemCount":1,"isSelected":null,"baseSeoURL":null},{"id":null,"name":"No Artificial Colors","description":null,"type":null,"itemCount":2,"isSelected":null,"baseSeoURL":null},{"id":null,"name":"No Artificial Flavors","description":null,"type":null,"itemCount":6,"isSelected":null,"baseSeoURL":null},{"id":null,"name":"No Preservatives","description":null,"type":null,"itemCount":8,"isSelected":null,"baseSeoURL":null},{"id":null,"name":"ORGANIC","description":null,"type":null,"itemCount":16,"isSelected":null,"baseSeoURL":null},{"id":null,"name":"Organic","description":null,"type":null,"itemCount":16,"isSelected":null,"baseSeoURL":null},{"id":null,"name":"Soy-Free","description":null,"type":null,"itemCount":1,"isSelected":null,"baseSeoURL":null},{"id":null,"name":"Sugar-Free","description":null,"type":null,"itemCount":1,"isSelected":null,"baseSeoURL":null},{"id":null,"name":"Trans Fat-Free","description":null,"type":null,"itemCount":11,"isSelected":null,"baseSeoURL":null},{"id":null,"name":"Vegan","description":null,"type":null,"itemCount":8,"isSelected":null,"baseSeoURL":null}]},{"name":"Color","type":"color","layout":"default","min":null,"max":null,"selectedMin":null,"selectedMax":null,"unboundedMax":null,"stepSize":null,"values":[{"id":null,"name":"Multicolor","description":null,"type":null,"itemCount":12,"isSelected":null,"baseSeoURL":null},{"id":null,"name":"Clear","description":null,"type":null,"itemCount":2,"isSelected":null,"baseSeoURL":null},{"id":null,"name":"Silver","description":null,"type":null,"itemCount":1,"isSelected":null,"baseSeoURL":null},{"id":null,"name":"Other","description":null,"type":null,"itemCount":10,"isSelected":null,"baseSeoURL":null}]},{"name":"Form","type":"food_form","layout":"default","min":null,"max":null,"selectedMin":null,"selectedMax":null,"unboundedMax":null,"stepSize":null,"values":[{"id":null,"name":"Liquids","description":null,"type":null,"itemCount":2,"isSelected":null,"baseSeoURL":null},{"id":null,"name":"Whole","description":null,"type":null,"itemCount":1,"isSelected":null,"baseSeoURL":null}]},{"name":"Retailer","type":"retailer_type","layout":"default","min":null,"max":null,"selectedMin":null,"selectedMax":null,"unboundedMax":null,"stepSize":null,"values":[{"id":null,"name":"Walmart","description":null,"type":null,"itemCount":161,"isSelected":null,"baseSeoURL":null}]},{"name":"Benefit Cards","type":"snap_eligible","layout":"default","min":null,"max":null,"selectedMin":null,"selectedMax":null,"unboundedMax":null,"stepSize":null,"values":[{"id":null,"name":"EBT food eligible","description":null,"type":null,"itemCount":156,"isSelected":null,"baseSeoURL":null}]}]}},"bottomZone1":{"name":"Marquee Display Ad BTF","version":3,"type":"MarqueeDisplayAd","moduleId":"986350d5-0bd6-4feb-916f-b7081f246aeb","schedule":{"priority":1},"matchedTrigger":{"zone":"bottomZone1"},"configs":{"__typename":"TempoWM_GLASSWWWMarqueeDisplayAdConfigs","_rawConfigs":{"moduleLocation":"marquee2","lazy":"1000"},"ad":null}},"topZone2":{"name":"Search Brand Amplifier Ad","version":2,"type":"BrandAmplifierAd","moduleId":"ce73cb9e-2029-4083-80c4-d6aced706cf0","schedule":{"priority":1},"matchedTrigger":{"zone":"topZone2"},"configs":{"__typename":"TempoWM_GLASSWWWBrandAmplifierAdConfigs","_rawConfigs":{"moduleLocation":"top"},"moduleLocation":"top","ad":{"status":"SUCCESS","moduleType":"BrandAmplifierAd","platform":"DESKTOP","pageId":"mac and cheese","pageType":"SEARCH","storeId":"999","stateCode":"TX","zipCode":"78242","pageContext":{"searchNormalize":{"normalized_query":"macaroni and cheese","original_query":"mac and cheese","rewritten_query":"macaroni and cheese","specificity":"broad","top_query_cat_path":"/976759/976794/5614446/6189969","top_query_cat_path_name":"/Food/Pantry/Boxed Meals \u0026 Side Dishes/Macaroni \u0026 Cheese","analytics_log":{"fe_log":{"dept":"/976759/976794/5614446/6189969","g":"S","s":"b","trf":"ht"}}}},"moduleConfigs":{"moduleLocation":"top"},"adsContext":{"locationContext":{"zipCode":"78242","stateCode":"TX","storeId":"999","pickupStore":null,"deliveryStore":null,"intent":null,"incatchment":true},"itemId":"","categoryId":"976759_976794_5614446_6189969","categoryName":"Food/Pantry/Boxed Meals \u0026 Side Dishes/Macaroni \u0026 Cheese","brand":"","productName":"","productTypeId":"","normKeyword":"macaroni and cheese","verticalId":"","dedupeList":[""]},"adRequestComposite":{"isDebug":false,"isManualShelf":false,"keyword":"macaroni and cheese"},"adContent":{"type":"SPONSORED_PRODUCTS","data":{"__typename":"SponsoredBrands","adUuid":"84b1b0d7-76ad-4653-998d-b9c6c2198305","adExpInfo":null,"moduleInfo":"{\"adExpId\":\"\",\"bucketId\":\"2243\"}","brands":[]}}}}},"topZone5":{"name":"Search Fitment Module","version":2,"type":"SearchFitment","moduleId":"4e756e28-80b7-499d-aae4-b46bbc21b554","schedule":{"priority":1},"matchedTrigger":{"zone":"topZone5"},"configs":{"__typename":"TempoWM_GLASSWWWSearchFitmentModuleConfigs","fitments":null}},"topZone6":{"name":"Search Non Item Module","version":1,"type":"SearchNonItem","moduleId":"8a6208c9-6ee9-4d9e-96a3-3b2cad2d690e","schedule":{"priority":1},"matchedTrigger":{"zone":"topZone6"},"configs":{"title":null,"subTitle":null,"urlLinkText":null,"url":null,"__typename":"TempoWM_GLASSWWWSearchNonItemConfigs"}},"topZone1":{"name":"Skyline Display Ad","version":2,"type":"SkylineDisplayAd","moduleId":"d82a07bd-471a-46ef-9926-63ae0bd7dbc2","schedule":{"priority":1},"matchedTrigger":{"zone":"topZone1"},"configs":{"__typename":"TempoWM_GLASSWWWSkylineDisplayAdConfigs","_rawConfigs":{"moduleLocation":"top"},"ad":{"status":"SUCCESS","moduleType":"SkylineDisplayAd","platform":"DESKTOP","pageId":"mac and cheese","pageType":"SEARCH","storeId":"999","stateCode":"TX","zipCode":"78242","pageContext":{"searchNormalize":{"normalized_query":"macaroni and cheese","original_query":"mac and cheese","rewritten_query":"macaroni and cheese","specificity":"broad","top_query_cat_path":"/976759/976794/5614446/6189969","top_query_cat_path_name":"/Food/Pantry/Boxed Meals \u0026 Side Dishes/Macaroni \u0026 Cheese","analytics_log":{"fe_log":{"dept":"/976759/976794/5614446/6189969","g":"S","s":"b","trf":"ht"}}}},"moduleConfigs":{"moduleLocation":"top"},"adsContext":{"locationContext":{"zipCode":"78242","stateCode":"TX","storeId":"999","pickupStore":null,"deliveryStore":null,"intent":null,"incatchment":true},"itemId":"","categoryId":"976759_976794_5614446_6189969","categoryName":"Food/Pantry/Boxed Meals \u0026 Side Dishes/Macaroni \u0026 Cheese","brand":"","productName":"","productTypeId":"","normKeyword":"macaroni and cheese","verticalId":"","dedupeList":[""]},"adRequestComposite":{"isDebug":false,"isManualShelf":false,"keyword":"macaroni and cheese"},"adContent":{"type":"DISPLAY_AD","data":{"__typename":"DisplayAd","json":{"uuId":"bb935468-dd76-405c-b1b5-3bcd13f12cff","imageAltText":"With Colliders it's the candy you love, now spoonable.","logoAltText":"Colliders ","orderID":"2844749997","impTracker3PURL1":"https://ad.doubleclick.net/ddm/trackimp/N7954.3120783WALMART/B25832102.304193998;dc_trk_aid=504098841;dc_trk_cid=156247248;ord=1383912020;dc_lat=;dc_rdid=;tag_for_child_directed_treatment=;tfua=;gdpr=;gdpr_consent=;ltd=?","advertiserID":"12681782","impTracker3PURL2":"","headline":"Love it.","adUnitID":"22376256993","subhead":"Spoon it.","viewIVT3PURL2":"","cta":"Shop now","mainImage":"https://tpc.googlesyndication.com/simgad/1373374390036971256?","logoImage":"https://tpc.googlesyndication.com/simgad/16490396688309891163?","viewIVT3PVendor1":"doubleverify","viewIVT3PVendor2":"","impTracker3PURL3":"","viewIVT3PURL1":"https://cdn.doubleverify.com/dvtp_src.js#ctx=3171113\u0026cmp=25832102\u0026sid=5443352\u0026plc=304193998\u0026adsrv=1\u0026btreg=\u0026btadsrv=\u0026crt=\u0026tagtype=\u0026dvtagver=6.1.src","IMPRESSION_URLS":["https://securepubads.g.doubleclick.net/pcs/view?xai=AKAOjsvIl70E2PNMNU61F_4PwJp802oqa_EfnRShNDO46T-_wPMQuXUXjk62bDdR2mLiUgVplnmdwOPZmdiL2MZZpr1Wkq2IH1dEl0x-NIJ3Dt3TDv-dLBn8pwLC19ChLqsvYWdkJS1_2V0owroNdApiALXpWd4T7e3fwY2uW4ABTEHJIDBd58W1IOErmsfwGWYtogDucj_nLWG1HRHUnlT2DHKms7YWaD8urOZFYyvM3yKkz38iyMBnl4lM_pA5ZmKUtMNgsFdC3YfGUZYYmz6fUskWjR-6C11FGZp5m8TLr9EPgaOb1Fb48uqlBRWKViUURwoAmwXZkpIPhuyzCg-jMNPlr16UgXhS9eflMg\u0026sai=AMfl-YSk5MTvCTIo7qzgnhfzAbSRksExqCXkdxF24HKwguYlzwbUOFYzNfjkcRXj7mj__iZsqX8IK-ahWThchOPzVAce7ehv7ajiWbBpnZDma_0gaFHLXzw\u0026sig=Cg0ArKJSzPo9FlJsgKE8EAE\u0026urlfix=1\u0026adurl="],"DEST_URL":"https://adclick.g.doubleclick.net/pcs/click?xai=AKAOjss_Lwn_jPYRc0MmA0g_IpdmeOMvuCu4ivtY4A46z9amExtSalwwc1JE5kAqC1jTZT11E-MziHJ3easjXQpQ6Gb8tWxPmriYBjsFqzbR4D19GCyu6WRG8FihqtAbuEsPzJcy01aMqrI90VDxLICEmFyVf3yy-OtJGqMp8V-PYsEeSuMSJ7ZDRsu2AlbjEu_KO6wK8mdGGP0rhXfXWKtxBma6qTqECGqoMjph0iMzgOjR2vwbYDASc5CHIlPL6p5Ye1SW_5-396QEXPx0C_1i9dFkm1jH7TyPimwolNwOInYqkFb3SeyesGsHAq4BQU2L3GisOOALNBqkbN5LMASmO-R5xfQ\u0026sai=AMfl-YRAnXBKjVXqvy6WKODuzkA0Ja4Y_DyfqIDi7mirGWf71UefmB-fqsQEr5m8_sPOl90wutd7-zSqChWWaah4ww74i30390_uSEmJaqg-\u0026sig=Cg0ArKJSzMHKMvQZLvI7EAE\u0026fbs_aeid=[gw_fbsaeid]\u0026urlfix=1\u0026adurl=https://ad.doubleclick.net/ddm/trackclk/N7954.3120783WALMART/B25832102.304193998%3Bdc_trk_aid%3D504098841%3Bdc_trk_cid%3D156247248%3Bdc_lat%3D%3Bdc_rdid%3D%3Btag_for_child_directed_treatment%3D%3Btfua%3D%3Bltd%3D","metaData":{"custom_template_id":"12009286","cacheBuster":1634262984105,"dfpParams":{"correlator":"108696811698","native_custom_templates":"12009286,11759350,12050531,11759350","userAgent":"Mozilla/5.0 (Windows NT 10.0; Win64; x64) AppleWebKit/537.36 (KHTML, like Gecko) Chrome/94.0.4606.81 Safari/537.36","clientIp":"24.242.57.82","dfpTag":"/55875582/WMUS/search/food/pantry/boxedmealssidedishes/macaronicheese","targeting":{"env":"prod","ivt":"","correlator":"lEDtbjWSFYkrO08KIkhPDrvAlz5c6eY8FSCO","ptype":"search","login":"no","s2s":"true","framework":"glass","wmppid":"d1fd2bb3fb46e62d22d25f683bfb3e8e3d49b849c4810fb2754d381a47371d59","usrTax":"976759_976794_5614446_6189969","categoryId":"6189969","catPathName":"Food/Pantry/Boxed Meals \u0026 Side Dishes/Macaroni \u0026 Cheese","xpa":"CrlKe,LVOQy,Lqf76,OcF91,Si9iN,_51B3,hmexM,iYZS1,mFXBT,rPe7R,vE-E8,wTIF0,zgen4","vtc":"YgorzntHIaanZRL5u-_vtw","vtcBucket":"1","bstc":"VdFoCUUTvLRpSTz0IWWRgQ","ivtTorbot":"zinc=???SBC?????EJADHI@AF??; asn=11427; country=US; usertype=residential;","ivtScore":"1-5","location":"skyline1","tile":"1","search":"mac and cheese","sessId":"bb935468-dd76-405c-b1b5-3bcd13f12cff-skyline1"}},"dfpResponse":{"googleLineitemId":"5668972766","googleCreativeId":"138360012523"},"isInternal":false,"beaconDebug":{"ip":"24.242.57.82","forwardedIP":"24.242.57.82","cacheBuster":1634262984105}}},"status":"SUCCESS"}}}}},"bottomZone2":{"name":"Sponsored Product Carousel - rweb","version":2,"type":"SponsoredProductCarousel","moduleId":"304f501d-075d-4a59-89aa-6e23bf0fdb64","schedule":{"priority":1},"matchedTrigger":{"zone":"bottomZone2"},"configs":{"__typename":"TempoWM_GLASSWWWSponsoredProductCarouselConfigs","_rawConfigs":{"title":"Products you may also like","moduleLocation":"bottom","lazy":"1000"}}}},"layoutContainerData":{"type":"container","flow":"vertical","content":[{"type":"container","flow":"vertical","content":{"type":"slot","id":"top","mapping":[{"type":"ZONE","options":{"refId":"topZone1"}},{"type":"ZONE","options":{"refId":"topZone2"}},{"type":"ZONE","options":{"refId":"topZone3"}},{"type":"ZONE","options":{"refId":"pillsTopZone"}},{"type":"ZONE","options":{"refId":"topZone4"}},{"type":"ZONE","options":{"refId":"topZone5"}},{"type":"ZONE","options":{"refId":"topZone6"}},{"type":"ZONE","options":{"refId":"topZone7"}}]}},{"type":"container","flow":"vertical","content":{"type":"slot","id":"stacks","mapping":[{"type":"EXTERNAL","options":{"refId":"stacks1","tempoLabel":"Stacks Zone","displayInTempo":true}},{"type":"ZONE","options":{"refId":"bottomZone1"}},{"type":"ZONE","options":{"refId":"bottomZone2"}},{"type":"ZONE","options":{"refId":"bottomZone3"}},{"type":"ZONE","options":{"refId":"bottomZone4"}},{"type":"ZONE","options":{"refId":"bottomZone5"}}]}}]},"searchResult":{"title":"Results for \"mac and cheese\"","aggregatedCount":161,"breadCrumb":null,"debug":{"sisUrl":"http://search-interface.walmart.net/v1/search?query=mac%20and%20cheese\u0026facet=fulfillment_method%3AIn-store\u0026stores=999\u0026cat_id=\u0026sort=best_match\u0026page=3\u0026min_price=\u0026max_price=\u0026spelling=true\u0026ptss=\u0026trsp=\u0026prg=desktop\u0026affinityOverride=store_led\u0026storeSlotBooked=\u0026stateOrProvinceCode=TX\u0026ps=40\u0026zipcode=78242\u0026recall_set=\u0026inCatchment=true\u0026latitude=29.3531\u0026longitude=-98.614\u0026extended_zipcode=78242\u0026addressId="},"itemStacks":[{"displayMessage":null,"meta":{"adsBeacon":{"adUuid":"AooOBcV-7uXBu6x1ePeZc0JQomBwo_mIBCSL","moduleInfo":"{\"adUuid\":\"AooOBcV-7uXBu6x1ePeZc0JQomBwo_mIBCSL\"}","max_ads":8},"query":"mac and cheese","stackId":0,"stackType":"STORE_LED","title":null,"layoutEnum":"GRID","totalItemCount":null,"totalItemCountDisplay":null,"viewAllParams":null},"itemsV2":null,"title":"","totalItemCountDisplay":"","count":0,"items":[{"__typename":"Product","availabilityStatusDisplayValue":"In stock","productLocationDisplayValue":"A16","externalInfoUrl":"","canonicalUrl":"/ip/Annie-s-Deluxe-Rich-Creamy-Shells-Four-Cheese-11-3-oz/665860637?fulfillmentIntent=In-store","canAddToCart":true,"showOptions":false,"description":"Annies Deluxe Four Cheese Mac \u0026 Cheese","flag":"","fulfillmentBadges":["Pickup","Delivery"],"fulfillmentIcon":{"key":"SAVE_WITH_W_PLUS","label":"Save with"},"fulfillmentBadge":"","fulfillmentSpeed":[],"fulfillmentType":"STORE","id":"53BMHPE86V1D","usItemId":"665860637","image":"https://i5.walmartimages.com/asr/e5f7f76f-fcb7-47aa-adc8-ca9ce94b8f87.3b2e086bbf0c26cfeb6c7e54bdff0b0b.png?odnHeight=180\u0026odnWidth=180\u0026odnBg=ffffff","isOutOfStock":false,"esrb":"","mediaRating":"","name":"Annie's Deluxe Rich \u0026 Creamy Shells \u0026 Four Cheese 11.3 oz","price":2.98,"preOrder":{"isPreOrder":false,"preOrderMessage":null,"preOrderStreetDateMessage":null},"priceInfo":{"itemPrice":"","linePrice":"$2.98","wasPrice":"","unitPrice":"26.4 ¢/oz","shipPrice":"","minPriceForVariant":"","subscriptionPrice":"","subscriptionString":"","priceDisplayCondition":"","finalCostByWeight":false,"submapType":""},"rating":{"averageRating":0,"numberOfReviews":0},"salesUnit":"EACH","variantList":[],"isVariantTypeSwatch":false,"brand":null,"manufacturerName":null,"offerId":"82A078CED86E41DAA6DB8ECFC63178D9","fitmentLabel":"","isAtfMarker":false,"sellerId":"F55CDC31AB754BB68FE0B39041159D63","sellerName":"Walmart.com","hasSellerBadge":null,"seller":{"name":"Walmart.com","sellerId":"F55CDC31AB754BB68FE0B39041159D63"},"sponsoredProduct":{"spQs":"gp3ZrM7p0F6yCs9Gr5NqYlzG6wn5DXoA4TOzGmY32f1Gjxiv2lhwPMxNwZ1F5bBOVoN9juYnETo75rqHx8ohmmIdAbtdMapbKeq8DD3JYEU","clickBeacon":"https://wrd.walmart.com/track?pltfm=desktop\u0026tax=976759_976794_5614446_6189969\u0026rdf=0\u0026plmt=__plmt__\u0026eventST=__eventST__\u0026spQs=gp3ZrM7p0F6yCs9Gr5NqYlzG6wn5DXoA4TOzGmY32f1Gjxiv2lhwPMxNwZ1F5bBOVoN9juYnETo75rqHx8ohmmIdAbtdMapbKeq8DD3JYEU\u0026pos=__pos__\u0026pgId=mac+and+cheese\u0026bt=__bt__\u0026adUid=AooOBcV-7uXBu6x1ePeZc0JQomBwo_mIBCSL\u0026storeId=999\u0026mloc=sp-search-middle\u0026pt=search","spTags":null}},{"__typename":"Product","availabilityStatusDisplayValue":"In stock","productLocationDisplayValue":"A16","externalInfoUrl":"","canonicalUrl":"/ip/Annie-s-Organic-Vegan-Cheddar-Macaroni-Cheese-Microwavable-2-cups-4-02-oz/369278256?fulfillmentIntent=In-store","canAddToCart":true,"showOptions":false,"description":"Annies Vegan M\u0026c Mw 2pk","flag":"","fulfillmentBadges":["Pickup","Delivery"],"fulfillmentIcon":{"key":"SAVE_WITH_W_PLUS","label":"Save with"},"fulfillmentBadge":"","fulfillmentSpeed":[],"fulfillmentType":"STORE","id":"2XWGHTHU9A94","usItemId":"369278256","image":"https://i5.walmartimages.com/asr/3945a6bb-618b-477e-a04d-fafba35943a8.30e277b91eaa76966641bb9336e3a878.png?odnHeight=180\u0026odnWidth=180\u0026odnBg=ffffff","isOutOfStock":false,"esrb":"","mediaRating":"","name":"Annie's Organic Vegan Cheddar Macaroni \u0026 Cheese, Microwavable, 2 cups, 4.02 oz","price":2.48,"preOrder":{"isPreOrder":false,"preOrderMessage":null,"preOrderStreetDateMessage":null},"priceInfo":{"itemPrice":"","linePrice":"$2.48","wasPrice":"","unitPrice":"61.7 ¢/oz","shipPrice":"","minPriceForVariant":"","subscriptionPrice":"","subscriptionString":"","priceDisplayCondition":"","finalCostByWeight":false,"submapType":""},"rating":{"averageRating":0,"numberOfReviews":0},"salesUnit":"EACH","variantList":[],"isVariantTypeSwatch":false,"brand":null,"manufacturerName":null,"offerId":"C55698FFC37243DDA27FE4E262BFD2B7","fitmentLabel":"","isAtfMarker":false,"sellerId":"F55CDC31AB754BB68FE0B39041159D63","sellerName":"Walmart.com","hasSellerBadge":null,"seller":{"name":"Walmart.com","sellerId":"F55CDC31AB754BB68FE0B39041159D63"},"sponsoredProduct":{"spQs":"gp3ZrM7p0F6yCs9Gr5NqYhB00qyS01V_O68pH49uvEyZB5wrIBQp05tiZrmhWVfSJNKMvemrIfQZ5tW-LBDvlWIdAbtdMapbKeq8DD3JYEU","clickBeacon":"https://wrd.walmart.com/track?pltfm=desktop\u0026tax=976759_976794_5614446_6189969\u0026rdf=0\u0026plmt=__plmt__\u0026eventST=__eventST__\u0026spQs=gp3ZrM7p0F6yCs9Gr5NqYhB00qyS01V_O68pH49uvEyZB5wrIBQp05tiZrmhWVfSJNKMvemrIfQZ5tW-LBDvlWIdAbtdMapbKeq8DD3JYEU\u0026pos=__pos__\u0026pgId=mac+and+cheese\u0026bt=__bt__\u0026adUid=AooOBcV-7uXBu6x1ePeZc0JQomBwo_mIBCSL\u0026storeId=999\u0026mloc=sp-search-middle\u0026pt=search","spTags":null}},{"__typename":"Product","availabilityStatusDisplayValue":"In stock","productLocationDisplayValue":"A5","externalInfoUrl":"","canonicalUrl":"/ip/Kraft-Macaroni-Cheese-Frozen-Dinner-with-Breaded-Chicken-Nuggets-Broccoli-8-5-oz-Box/389316032?fulfillmentIntent=In-store","canAddToCart":true,"showOptions":false,"description":"\u003cli\u003emac and cheese dinner\u003c/li\u003e","flag":"","fulfillmentBadges":["Pickup","Delivery"],"fulfillmentIcon":{"key":"SAVE_WITH_W_PLUS","label":"Save with"},"fulfillmentBadge":"","fulfillmentSpeed":[],"fulfillmentType":"STORE","id":"5P2HN4GEZRB0","usItemId":"389316032","image":"https://i5.walmartimages.com/asr/6d8cbd16-034d-43f9-8ea0-e95eff16e039.82c8567dd8e1a076cde7dc3e61a9c5c9.jpeg?odnHeight=180\u0026odnWidth=180\u0026odnBg=ffffff","isOutOfStock":false,"esrb":"","mediaRating":"","name":"Kraft Macaroni \u0026 Cheese Frozen Dinner with Breaded Chicken Nuggets \u0026 Broccoli, 8.5 oz Box","price":2.78,"preOrder":{"isPreOrder":false,"preOrderMessage":null,"preOrderStreetDateMessage":null},"priceInfo":{"itemPrice":"","linePrice":"$2.78","wasPrice":"","unitPrice":"32.7 ¢/oz","shipPrice":"","minPriceForVariant":"","subscriptionPrice":"","subscriptionString":"","priceDisplayCondition":"","finalCostByWeight":false,"submapType":""},"rating":{"averageRating":0,"numberOfReviews":0},"salesUnit":"EACH","variantList":[],"isVariantTypeSwatch":false,"brand":null,"manufacturerName":null,"offerId":"9B2C88F635D84C04857C073A4A0CC124","fitmentLabel":"","isAtfMarker":false,"sellerId":"F55CDC31AB754BB68FE0B39041159D63","sellerName":"Walmart.com","hasSellerBadge":null,"seller":{"name":"Walmart.com","sellerId":"F55CDC31AB754BB68FE0B39041159D63"},"sponsoredProduct":null},{"__typename":"Product","availabilityStatusDisplayValue":"In stock","productLocationDisplayValue":"A5","externalInfoUrl":"","canonicalUrl":"/ip/Kraft-Macaroni-Cheese-Frozen-Dinner-with-Chicken-Beef-Meatballs-Apples-in-a-Cinnamon-Sugar-Sauce-8-5-oz-Box/323652969?fulfillmentIntent=In-store","canAddToCart":true,"showOptions":false,"description":"\u003cli\u003emac and cheese dinner\u003c/li\u003e","flag":"","fulfillmentBadges":["Pickup","Delivery"],"fulfillmentIcon":{"key":"SAVE_WITH_W_PLUS","label":"Save with"},"fulfillmentBadge":"","fulfillmentSpeed":[],"fulfillmentType":"STORE","id":"0WB3S822FDFG","usItemId":"323652969","image":"https://i5.walmartimages.com/asr/4ba894ba-236e-40cc-bccd-95ab9350cec6.b62f3f57315c000114e31c75729bcdb8.jpeg?odnHeight=180\u0026odnWidth=180\u0026odnBg=ffffff","isOutOfStock":false,"esrb":"","mediaRating":"","name":"Kraft Macaroni \u0026 Cheese Frozen Dinner with Chicken \u0026 Beef Meatballs \u0026 Apples in a Cinnamon Sugar Sauce, 8.5 oz Box","price":2.78,"preOrder":{"isPreOrder":false,"preOrderMessage":null,"preOrderStreetDateMessage":null},"priceInfo":{"itemPrice":"","linePrice":"$2.78","wasPrice":"","unitPrice":"32.7 ¢/oz","shipPrice":"","minPriceForVariant":"","subscriptionPrice":"","subscriptionString":"","priceDisplayCondition":"","finalCostByWeight":false,"submapType":""},"rating":{"averageRating":0,"numberOfReviews":0},"salesUnit":"EACH","variantList":[],"isVariantTypeSwatch":false,"brand":null,"manufacturerName":null,"offerId":"086D3C96F7304309B69FF4A08C1554BD","fitmentLabel":"","isAtfMarker":false,"sellerId":"F55CDC31AB754BB68FE0B39041159D63","sellerName":"Walmart.com","hasSellerBadge":null,"seller":{"name":"Walmart.com","sellerId":"F55CDC31AB754BB68FE0B39041159D63"},"sponsoredProduct":null},{"__typename":"Product","availabilityStatusDisplayValue":"In stock","productLocationDisplayValue":"A16","externalInfoUrl":"","canonicalUrl":"/ip/Velveeta-Shells-Cheese-Original-Microwavable-Shell-Pasta-Cheese-Sauce-2-39-oz-Cup/14940626?fulfillmentIntent=In-store","canAddToCart":true,"showOptions":false,"description":"\u003cli\u003epasta shells\u003c/li\u003e","flag":"","fulfillmentBadges":["Pickup","Delivery"],"fulfillmentIcon":{"key":"SAVE_WITH_W_PLUS","label":"Save with"},"fulfillmentBadge":"","fulfillmentSpeed":[],"fulfillmentType":"STORE","id":"1D9LSVSQLX0W","usItemId":"14940626","image":"https://i5.walmartimages.com/asr/a5355007-7863-4c1f-a9fa-20c7d58aa76f.4e74513378cb69e45e4c0c6a5bffafa3.jpeg?odnHeight=180\u0026odnWidth=180\u0026odnBg=ffffff","isOutOfStock":false,"esrb":"","mediaRating":"","name":"Velveeta Shells \u0026 Cheese Original Microwavable Shell Pasta \u0026 Cheese Sauce, 2.39 oz Cup","price":1.32,"preOrder":{"isPreOrder":false,"preOrderMessage":null,"preOrderStreetDateMessage":null},"priceInfo":{"itemPrice":"","linePrice":"$1.32","wasPrice":"","unitPrice":"55.5 ¢/oz","shipPrice":"","minPriceForVariant":"","subscriptionPrice":"","subscriptionString":"","priceDisplayCondition":"","finalCostByWeight":false,"submapType":""},"rating":{"averageRating":0,"numberOfReviews":0},"salesUnit":"EACH","variantList":[],"isVariantTypeSwatch":false,"brand":null,"manufacturerName":null,"offerId":"0393CC1949A748D090780267D00B4BA9","fitmentLabel":"","isAtfMarker":false,"sellerId":"F55CDC31AB754BB68FE0B39041159D63","sellerName":"Walmart.com","hasSellerBadge":null,"seller":{"name":"Walmart.com","sellerId":"F55CDC31AB754BB68FE0B39041159D63"},"sponsoredProduct":null},{"__typename":"Product","availabilityStatusDisplayValue":"In stock","productLocationDisplayValue":"A40","externalInfoUrl":"","canonicalUrl":"/ip/Bob-Evans-Cheddar-Ranch-Macaroni-Cheese-with-Bacon-20-Oz-Pack-of-1/962502943?fulfillmentIntent=In-store","canAddToCart":true,"showOptions":false,"description":"\u003cli\u003eReady to eat in 7 minutes, Bob Evans refrigerated dinner sides are easy to prepare and microwaveable\u003c/li\u003e\u003cli\u003eBob Evans Cheddar Ranch Macaroni and Cheese with Bacon delivers a bold and indulgent\u003c/li\u003e","flag":"","fulfillmentBadges":["Pickup","Delivery"],"fulfillmentIcon":{"key":"SAVE_WITH_W_PLUS","label":"Save with"},"fulfillmentBadge":"","fulfillmentSpeed":[],"fulfillmentType":"STORE","id":"7CDZ838LJF8H","usItemId":"962502943","image":"https://i5.walmartimages.com/asr/e7714a31-cd09-4fa3-8353-90b0b8269a10.aea1428406e4b21df68c60c2b7fd544c.jpeg?odnHeight=180\u0026odnWidth=180\u0026odnBg=ffffff","isOutOfStock":false,"esrb":"","mediaRating":"","name":"Bob Evans Cheddar Ranch Macaroni \u0026 Cheese with Bacon, 20 Oz, Pack of 1","price":3.38,"preOrder":{"isPreOrder":false,"preOrderMessage":null,"preOrderStreetDateMessage":null},"priceInfo":{"itemPrice":"","linePrice":"$3.38","wasPrice":"","unitPrice":"16.9 ¢/oz","shipPrice":"","minPriceForVariant":"","subscriptionPrice":"","subscriptionString":"","priceDisplayCondition":"","finalCostByWeight":false,"submapType":""},"rating":{"averageRating":0,"numberOfReviews":0},"salesUnit":"EACH","variantList":[],"isVariantTypeSwatch":false,"brand":null,"manufacturerName":null,"offerId":"4FD7910025034EA2952BB1F8669E2AE2","fitmentLabel":"","isAtfMarker":false,"sellerId":"F55CDC31AB754BB68FE0B39041159D63","sellerName":"Walmart.com","hasSellerBadge":null,"seller":{"name":"Walmart.com","sellerId":"F55CDC31AB754BB68FE0B39041159D63"},"sponsoredProduct":null},{"__typename":"Product","availabilityStatusDisplayValue":"In stock","productLocationDisplayValue":"A5","externalInfoUrl":"","canonicalUrl":"/ip/Banquet-Mega-Meals-Boneless-Fried-Chicken-Frozen-Dinner-12-Ounce/47456196?fulfillmentIntent=In-store","canAddToCart":true,"showOptions":false,"description":"\u003cli\u003ePack contains one 12 Ounce box of Banquet Mega Meals Boneless Fried Chicken\u003c/li\u003e\u003cli\u003eMicrowavable meal\u003c/li\u003e\u003cli\u003eWith 34g of protein, this meal is perfect for refueling after a workout\u003c/li\u003e","flag":"","fulfillmentBadges":["Pickup","Delivery"],"fulfillmentIcon":{"key":"SAVE_WITH_W_PLUS","label":"Save with"},"fulfillmentBadge":"","fulfillmentSpeed":[],"fulfillmentType":"STORE","id":"1TLOYHHZCCN7","usItemId":"47456196","image":"https://i5.walmartimages.com/asr/a78af3ed-5747-46e3-92e9-feab247c2170.bc662f56ac35e04b14af429fced1580d.jpeg?odnHeight=180\u0026odnWidth=180\u0026odnBg=ffffff","isOutOfStock":false,"esrb":"","mediaRating":"","name":"Banquet Mega Meals Boneless Fried Chicken Frozen Dinner, 12 Ounce","price":2.34,"preOrder":{"isPreOrder":false,"preOrderMessage":null,"preOrderStreetDateMessage":null},"priceInfo":{"itemPrice":"","linePrice":"$2.34","wasPrice":"","unitPrice":"19.5 ¢/oz","shipPrice":"","minPriceForVariant":"","subscriptionPrice":"","subscriptionString":"","priceDisplayCondition":"","finalCostByWeight":false,"submapType":""},"rating":{"averageRating":0,"numberOfReviews":0},"salesUnit":"EACH","variantList":[],"isVariantTypeSwatch":false,"brand":null,"manufacturerName":null,"offerId":"3061FBD10C50426A8FBF1845BC7691D9","fitmentLabel":"","isAtfMarker":false,"sellerId":"F55CDC31AB754BB68FE0B39041159D63","sellerName":"Walmart.com","hasSellerBadge":null,"seller":{"name":"Walmart.com","sellerId":"F55CDC31AB754BB68FE0B39041159D63"},"sponsoredProduct":null},{"__typename":"Product","availabilityStatusDisplayValue":"In stock","productLocationDisplayValue":"A16","externalInfoUrl":"","canonicalUrl":"/ip/Velveeta-Skillets-Ultimate-Cheeseburger-Mac-One-Pan-Dinner-Kit-with-Cheese-Sauce-Pasta-Seasonings-12-8-oz-Box/17247575?fulfillmentIntent=In-store","canAddToCart":true,"showOptions":false,"description":"\u003cli\u003echeeseburger mac\u003c/li\u003e","flag":"","fulfillmentBadges":["Pickup","Delivery","3+ day shipping"],"fulfillmentIcon":{"key":"SAVE_WITH_W_PLUS","label":"Save with"},"fulfillmentBadge":"","fulfillmentSpeed":[],"fulfillmentType":"STORE","id":"0YNG4E37NZD9","usItemId":"17247575","image":"https://i5.walmartimages.com/asr/9207fbed-532b-4180-81d0-703d471d3326.6dc376b8bcb41a83e5f70e35869a90b9.jpeg?odnHeight=180\u0026odnWidth=180\u0026odnBg=ffffff","isOutOfStock":false,"esrb":"","mediaRating":"","name":"Velveeta Skillets Ultimate Cheeseburger Mac One Pan Dinner Kit with Cheese Sauce, Pasta \u0026 Seasonings, 12.8 oz Box","price":2.98,"preOrder":{"isPreOrder":false,"preOrderMessage":null,"preOrderStreetDateMessage":null},"priceInfo":{"itemPrice":"","linePrice":"$2.98","wasPrice":"","unitPrice":"23.3 ¢/oz","shipPrice":"","minPriceForVariant":"","subscriptionPrice":"","subscriptionString":"","priceDisplayCondition":"","finalCostByWeight":false,"submapType":""},"rating":{"averageRating":0,"numberOfReviews":0},"salesUnit":"EACH","variantList":[],"isVariantTypeSwatch":false,"brand":null,"manufacturerName":null,"offerId":"33344EEC2B414247BE66E304F8C7AFBE","fitmentLabel":"","isAtfMarker":false,"sellerId":"F55CDC31AB754BB68FE0B39041159D63","sellerName":"Walmart.com","hasSellerBadge":null,"seller":{"name":"Walmart.com","sellerId":"F55CDC31AB754BB68FE0B39041159D63"},"sponsoredProduct":null},{"__typename":"Product","availabilityStatusDisplayValue":"In stock","productLocationDisplayValue":"A17","externalInfoUrl":"","canonicalUrl":"/ip/Great-Value-Gluten-Free-Macaroni-Cheese-6-oz/337708685?fulfillmentIntent=In-store","canAddToCart":true,"showOptions":false,"description":"\u003cli\u003eCertified gluten-free\u003c/li\u003e\u003cli\u003eNo synthetic colors or artificial flavors\u003c/li\u003e\u003cli\u003eGreat source of potassium\u003c/li\u003e\u003cli\u003eNet weight 6 oz\u003c/li\u003e","flag":"","fulfillmentBadges":["Pickup","Delivery"],"fulfillmentIcon":{"key":"SAVE_WITH_W_PLUS","label":"Save with"},"fulfillmentBadge":"","fulfillmentSpeed":[],"fulfillmentType":"STORE","id":"3ZKYYKPI4YNS","usItemId":"337708685","image":"https://i5.walmartimages.com/asr/480a4176-50c3-47de-a8b4-e02de42d78c9_3.fc9f7214357d5764646f98a0f1672eba.jpeg?odnHeight=180\u0026odnWidth=180\u0026odnBg=ffffff","isOutOfStock":false,"esrb":"","mediaRating":"","name":"Great Value Gluten-Free Macaroni \u0026 Cheese, 6 oz","price":1.28,"preOrder":{"isPreOrder":false,"preOrderMessage":null,"preOrderStreetDateMessage":null},"priceInfo":{"itemPrice":"","linePrice":"$1.28","wasPrice":"","unitPrice":"21.3 ¢/oz","shipPrice":"","minPriceForVariant":"","subscriptionPrice":"","subscriptionString":"","priceDisplayCondition":"","finalCostByWeight":false,"submapType":""},"rating":{"averageRating":0,"numberOfReviews":0},"salesUnit":"EACH","variantList":[],"isVariantTypeSwatch":false,"brand":null,"manufacturerName":null,"offerId":"6DF5A82E85A04E0D86D4749D8A294933","fitmentLabel":"","isAtfMarker":false,"sellerId":"F55CDC31AB754BB68FE0B39041159D63","sellerName":"Walmart.com","hasSellerBadge":null,"seller":{"name":"Walmart.com","sellerId":"F55CDC31AB754BB68FE0B39041159D63"},"sponsoredProduct":null},{"__typename":"Product","availabilityStatusDisplayValue":"In stock","productLocationDisplayValue":"A5","externalInfoUrl":"","canonicalUrl":"/ip/Marie-Callender-s-Spicy-Buffalo-Style-Chicken-Mac-Cheese-Bowl-11-5-oz/812324614?fulfillmentIntent=In-store","canAddToCart":true,"showOptions":false,"description":"\u003cli\u003eMicrowavable mac and cheese bowl\u003c/li\u003e\u003cli\u003eBuffalo style chicken\u003c/li\u003e\u003cli\u003e25 g protein\u003c/li\u003e","flag":"","fulfillmentBadges":["Pickup","Delivery"],"fulfillmentIcon":{"key":"SAVE_WITH_W_PLUS","label":"Save with"},"fulfillmentBadge":"","fulfillmentSpeed":[],"fulfillmentType":"STORE","id":"4TNR8BX9VFDF","usItemId":"812324614","image":"https://i5.walmartimages.com/asr/be0f20cc-93ce-468e-b206-872ee0df2c41.c3ab4a8635b983456c53e04ffb4b0122.jpeg?odnHeight=180\u0026odnWidth=180\u0026odnBg=ffffff","isOutOfStock":false,"esrb":"","mediaRating":"","name":"Marie Callender's Spicy Buffalo Style Chicken Mac \u0026 Cheese Bowl, 11.5 oz","price":2.48,"preOrder":{"isPreOrder":false,"preOrderMessage":null,"preOrderStreetDateMessage":null},"priceInfo":{"itemPrice":"","linePrice":"$2.48","wasPrice":"","unitPrice":"21.6 ¢/oz","shipPrice":"","minPriceForVariant":"","subscriptionPrice":"","subscriptionString":"","priceDisplayCondition":"","finalCostByWeight":false,"submapType":""},"rating":{"averageRating":0,"numberOfReviews":0},"salesUnit":"EACH","variantList":[],"isVariantTypeSwatch":false,"brand":null,"manufacturerName":null,"offerId":"B6C0AEEE6B134E279C8053DF3EC53E34","fitmentLabel":"","isAtfMarker":true,"sellerId":"F55CDC31AB754BB68FE0B39041159D63","sellerName":"Walmart.com","hasSellerBadge":null,"seller":{"name":"Walmart.com","sellerId":"F55CDC31AB754BB68FE0B39041159D63"},"sponsoredProduct":null},{"__typename":"Product","availabilityStatusDisplayValue":"In stock","productLocationDisplayValue":"A16","externalInfoUrl":"","canonicalUrl":"/ip/Annie-s-Rich-Creamy-Deluxe-Shells-White-Cheddar-Mac-Cheese-4-ct-11-oz/949652068?fulfillmentIntent=In-store","canAddToCart":true,"showOptions":false,"description":"Annie's homegrown - mac\u0026chs dlx shl wtchd - case of 12 - 11 oz country of origin : united states is gmo free : yes organic : 70%+ organic size : 11 oz pack of : 12 selling unit : case ingredients :","flag":"","fulfillmentBadges":["Pickup","Delivery"],"fulfillmentIcon":{"key":"SAVE_WITH_W_PLUS","label":"Save with"},"fulfillmentBadge":"","fulfillmentSpeed":[],"fulfillmentType":"STORE","id":"28R4V60OB2C9","usItemId":"949652068","image":"https://i5.walmartimages.com/asr/4ac7d83d-e3e6-4bb1-baf1-f915e3787a65.174552847be7fd6404b1a3904e1c2798.png?odnHeight=180\u0026odnWidth=180\u0026odnBg=ffffff","isOutOfStock":false,"esrb":"","mediaRating":"","name":"Annie's Rich \u0026 Creamy Deluxe Shells \u0026 White Cheddar, Mac \u0026 Cheese, 4 ct, 11 oz","price":2.98,"preOrder":{"isPreOrder":false,"preOrderMessage":null,"preOrderStreetDateMessage":null},"priceInfo":{"itemPrice":"","linePrice":"$2.98","wasPrice":"","unitPrice":"27.1 ¢/oz","shipPrice":"","minPriceForVariant":"","subscriptionPrice":"","subscriptionString":"","priceDisplayCondition":"","finalCostByWeight":false,"submapType":""},"rating":{"averageRating":0,"numberOfReviews":0},"salesUnit":"EACH","variantList":[],"isVariantTypeSwatch":false,"brand":null,"manufacturerName":null,"offerId":"D530E4EC2C854D8997F0381AB03DDF09","fitmentLabel":"","isAtfMarker":false,"sellerId":"F55CDC31AB754BB68FE0B39041159D63","sellerName":"Walmart.com","hasSellerBadge":null,"seller":{"name":"Walmart.com","sellerId":"F55CDC31AB754BB68FE0B39041159D63"},"sponsoredProduct":{"spQs":"gp3ZrM7p0F6yCs9Gr5NqYhB00qyS01V_O68pH49uvEyo_bmRWCn_KNloq_AQlhKFd-VzmatxwQKZ_LHGrqIlfWIdAbtdMapbKeq8DD3JYEU","clickBeacon":"https://wrd.walmart.com/track?pltfm=desktop\u0026tax=976759_976794_5614446_6189969\u0026rdf=0\u0026plmt=__plmt__\u0026eventST=__eventST__\u0026spQs=gp3ZrM7p0F6yCs9Gr5NqYhB00qyS01V_O68pH49uvEyo_bmRWCn_KNloq_AQlhKFd-VzmatxwQKZ_LHGrqIlfWIdAbtdMapbKeq8DD3JYEU\u0026pos=__pos__\u0026pgId=mac+and+cheese\u0026bt=__bt__\u0026adUid=AooOBcV-7uXBu6x1ePeZc0JQomBwo_mIBCSL\u0026storeId=999\u0026mloc=sp-search-middle\u0026pt=search","spTags":null}},{"__typename":"Product","availabilityStatusDisplayValue":"In stock","productLocationDisplayValue":"A16","externalInfoUrl":"","canonicalUrl":"/ip/Annie-s-Real-Aged-Cheddar-Macaroni-Cheese-Microwavable-Mac-Cheese-2-01-oz/36335196?fulfillmentIntent=In-store","canAddToCart":true,"showOptions":false,"description":"\u003cli\u003eMade with organic pasta\u003c/li\u003e\u003cli\u003eMade with 100% real cheese\u003c/li\u003e\u003cli\u003eNo artificial flavors, synthetic colors, or preservatives\u003c/li\u003e","flag":"","fulfillmentBadges":["Pickup","Delivery"],"fulfillmentIcon":{"key":"SAVE_WITH_W_PLUS","label":"Save with"},"fulfillmentBadge":"","fulfillmentSpeed":[],"fulfillmentType":"STORE","id":"75CPFVJHS938","usItemId":"36335196","image":"https://i5.walmartimages.com/asr/8c1ce68d-320d-41d2-be91-0f8f003ed7a4.b4918b9a41132d3346d57a20077dd7be.png?odnHeight=180\u0026odnWidth=180\u0026odnBg=ffffff","isOutOfStock":false,"esrb":"","mediaRating":"","name":"Annie's Real Aged Cheddar Macaroni \u0026 Cheese, Microwavable Mac \u0026 Cheese, 2.01 oz","price":1.58,"preOrder":{"isPreOrder":false,"preOrderMessage":null,"preOrderStreetDateMessage":null},"priceInfo":{"itemPrice":"","linePrice":"$1.58","wasPrice":"","unitPrice":"78.6 ¢/oz","shipPrice":"","minPriceForVariant":"","subscriptionPrice":"","subscriptionString":"","priceDisplayCondition":"","finalCostByWeight":false,"submapType":""},"rating":{"averageRating":0,"numberOfReviews":0},"salesUnit":"EACH","variantList":[],"isVariantTypeSwatch":false,"brand":null,"manufacturerName":null,"offerId":"3ADBB6E9DE784C7EADF1AF010611958D","fitmentLabel":"","isAtfMarker":false,"sellerId":"F55CDC31AB754BB68FE0B39041159D63","sellerName":"Walmart.com","hasSellerBadge":null,"seller":{"name":"Walmart.com","sellerId":"F55CDC31AB754BB68FE0B39041159D63"},"sponsoredProduct":{"spQs":"gp3ZrM7p0F6yCs9Gr5NqYhB00qyS01V_O68pH49uvEyZB5wrIBQp05tiZrmhWVfSYbkFX7cDP3_HthkUpWnZl_3lR3xXZFpCW-AHOnQjq9A","clickBeacon":"https://wrd.walmart.com/track?pltfm=desktop\u0026tax=976759_976794_5614446_6189969\u0026rdf=0\u0026plmt=__plmt__\u0026eventST=__eventST__\u0026spQs=gp3ZrM7p0F6yCs9Gr5NqYhB00qyS01V_O68pH49uvEyZB5wrIBQp05tiZrmhWVfSYbkFX7cDP3_HthkUpWnZl_3lR3xXZFpCW-AHOnQjq9A\u0026pos=__pos__\u0026pgId=mac+and+cheese\u0026bt=__bt__\u0026adUid=AooOBcV-7uXBu6x1ePeZc0JQomBwo_mIBCSL\u0026storeId=999\u0026mloc=sp-search-middle\u0026pt=search","spTags":null}},{"__typename":"MarqueePlaceholder","type":"MarqueeDisplayAd","moduleLocation":"marquee1","lazy":"0"},{"__typename":"Product","availabilityStatusDisplayValue":"In stock","productLocationDisplayValue":"A5","externalInfoUrl":"","canonicalUrl":"/ip/Banquet-Classic-Chicken-Strips-Frozen-Single-Serve-Meal-8-9-Ounce/47394250?fulfillmentIntent=In-store","canAddToCart":true,"showOptions":false,"description":"\u003cli\u003ePack contains one 8.9 Ounce box of Banquet Classic Chicken Strips\u003c/li\u003e\u003cli\u003eMicrowavable meal\u003c/li\u003e\u003cli\u003eChicken strips with corn and mac and cheese\u003c/li\u003e","flag":"","fulfillmentBadges":["Pickup","Delivery"],"fulfillmentIcon":{"key":"SAVE_WITH_W_PLUS","label":"Save with"},"fulfillmentBadge":"","fulfillmentSpeed":[],"fulfillmentType":"STORE","id":"553QRJ5XO9JS","usItemId":"47394250","image":"https://i5.walmartimages.com/asr/220a9615-d241-44dc-aabf-f5a991e43ec3.749467dc334aa761e1f308a38b972d4e.jpeg?odnHeight=180\u0026odnWidth=180\u0026odnBg=ffffff","isOutOfStock":false,"esrb":"","mediaRating":"","name":"Banquet Classic Chicken Strips Frozen Single Serve Meal, 8.9 Ounce","price":1.38,"preOrder":{"isPreOrder":false,"preOrderMessage":null,"preOrderStreetDateMessage":null},"priceInfo":{"itemPrice":"","linePrice":"$1.38","wasPrice":"","unitPrice":"15.5 ¢/oz","shipPrice":"","minPriceForVariant":"","subscriptionPrice":"","subscriptionString":"","priceDisplayCondition":"","finalCostByWeight":false,"submapType":""},"rating":{"averageRating":0,"numberOfReviews":0},"salesUnit":"EACH","variantList":[],"isVariantTypeSwatch":false,"brand":null,"manufacturerName":null,"offerId":"3A92ED3A268F4E23BDAD26D74B0EE2BE","fitmentLabel":"","isAtfMarker":false,"sellerId":"F55CDC31AB754BB68FE0B39041159D63","sellerName":"Walmart.com","hasSellerBadge":null,"seller":{"name":"Walmart.com","sellerId":"F55CDC31AB754BB68FE0B39041159D63"},"sponsoredProduct":null},{"__typename":"Product","availabilityStatusDisplayValue":"In stock","productLocationDisplayValue":"A4","externalInfoUrl":"","canonicalUrl":"/ip/Stouffer-s-Fish-Filet-Frozen-Meal-9-oz/14140835?fulfillmentIntent=In-store","canAddToCart":true,"showOptions":false,"description":"\u003cli\u003eEnjoy quality ingredients and delicious flavor in one quick meal with Stouffer's Fish Filet Frozen Meal. This cook and serve dinner includes breaded filet of Alaska pollock with macaroni in a real\u003c/li\u003e","flag":"","fulfillmentBadges":["Pickup","Delivery"],"fulfillmentIcon":{"key":"SAVE_WITH_W_PLUS","label":"Save with"},"fulfillmentBadge":"","fulfillmentSpeed":[],"fulfillmentType":"STORE","id":"6HG3CUKQ7U87","usItemId":"14140835","image":"https://i5.walmartimages.com/asr/f66d652d-c914-4528-822c-3d71155df9fb.ca9d526968992f2f5d3ed2b1be21093c.jpeg?odnHeight=180\u0026odnWidth=180\u0026odnBg=ffffff","isOutOfStock":false,"esrb":"","mediaRating":"","name":"Stouffer's Fish Filet Frozen Meal 9 oz.","price":2.66,"preOrder":{"isPreOrder":false,"preOrderMessage":null,"preOrderStreetDateMessage":null},"priceInfo":{"itemPrice":"","linePrice":"$2.66","wasPrice":"","unitPrice":"29.6 ¢/oz","shipPrice":"","minPriceForVariant":"","subscriptionPrice":"","subscriptionString":"","priceDisplayCondition":"","finalCostByWeight":false,"submapType":""},"rating":{"averageRating":0,"numberOfReviews":0},"salesUnit":"EACH","variantList":[],"isVariantTypeSwatch":false,"brand":null,"manufacturerName":null,"offerId":"B1155F856C6541E0962E5C9B1FBAECAC","fitmentLabel":"","isAtfMarker":false,"sellerId":"F55CDC31AB754BB68FE0B39041159D63","sellerName":"Walmart.com","hasSellerBadge":null,"seller":{"name":"Walmart.com","sellerId":"F55CDC31AB754BB68FE0B39041159D63"},"sponsoredProduct":null},{"__typename":"Product","availabilityStatusDisplayValue":"In stock","productLocationDisplayValue":"A16","externalInfoUrl":"","canonicalUrl":"/ip/Helper-Bold-Cheesy-Pizza-Mac-and-Cheese-2-6-oz-cup/742248741?fulfillmentIntent=In-store","canAddToCart":true,"showOptions":false,"description":"Betty Crocker Helper Mw Chsy Pza Mac \u0026 Cheese Cups","flag":"","fulfillmentBadges":["Pickup","Delivery"],"fulfillmentIcon":{"key":"SAVE_WITH_W_PLUS","label":"Save with"},"fulfillmentBadge":"","fulfillmentSpeed":[],"fulfillmentType":"STORE","id":"12XU7TQ7V91W","usItemId":"742248741","image":"https://i5.walmartimages.com/asr/d7f163e1-be0b-4ea3-b3f2-a56440cd262c.a73dd941f3159ba77d06377ae1f598c3.png?odnHeight=180\u0026odnWidth=180\u0026odnBg=ffffff","isOutOfStock":false,"esrb":"","mediaRating":"","name":"Helper, Bold Cheesy Pizza Mac and Cheese, 2.6 oz cup","price":1.46,"preOrder":{"isPreOrder":false,"preOrderMessage":null,"preOrderStreetDateMessage":null},"priceInfo":{"itemPrice":"","linePrice":"$1.46","wasPrice":"","unitPrice":"56.2 ¢/oz","shipPrice":"","minPriceForVariant":"","subscriptionPrice":"","subscriptionString":"","priceDisplayCondition":"","finalCostByWeight":false,"submapType":""},"rating":{"averageRating":0,"numberOfReviews":0},"salesUnit":"EACH","variantList":[],"isVariantTypeSwatch":false,"brand":null,"manufacturerName":null,"offerId":"173242E2F0F0477AB33F887C189F7063","fitmentLabel":"","isAtfMarker":false,"sellerId":"F55CDC31AB754BB68FE0B39041159D63","sellerName":"Walmart.com","hasSellerBadge":null,"seller":{"name":"Walmart.com","sellerId":"F55CDC31AB754BB68FE0B39041159D63"},"sponsoredProduct":null},{"__typename":"Product","availabilityStatusDisplayValue":"In stock","productLocationDisplayValue":"A16","externalInfoUrl":"","canonicalUrl":"/ip/Helper-Bold-Three-Cheese-Mac-and-Cheese-2-6-oz-cup/869303394?fulfillmentIntent=In-store","canAddToCart":true,"showOptions":false,"description":"Betty Crocker Helper Mw Three Cheese Mac \u0026 Cheese Cups","flag":"","fulfillmentBadges":["Pickup","Delivery"],"fulfillmentIcon":{"key":"SAVE_WITH_W_PLUS","label":"Save with"},"fulfillmentBadge":"","fulfillmentSpeed":[],"fulfillmentType":"STORE","id":"5PFF9DTKJ2U9","usItemId":"869303394","image":"https://i5.walmartimages.com/asr/ef603406-8289-49e4-a643-253611c795bb.ec10c7bebb99dd42dc11a46709cb1ee5.png?odnHeight=180\u0026odnWidth=180\u0026odnBg=ffffff","isOutOfStock":false,"esrb":"","mediaRating":"","name":"Helper, Bold Three Cheese Mac and Cheese, 2.6 oz cup","price":1.46,"preOrder":{"isPreOrder":false,"preOrderMessage":null,"preOrderStreetDateMessage":null},"priceInfo":{"itemPrice":"","linePrice":"$1.46","wasPrice":"","unitPrice":"56.2 ¢/oz","shipPrice":"","minPriceForVariant":"","subscriptionPrice":"","subscriptionString":"","priceDisplayCondition":"","finalCostByWeight":false,"submapType":""},"rating":{"averageRating":0,"numberOfReviews":0},"salesUnit":"EACH","variantList":[],"isVariantTypeSwatch":false,"brand":null,"manufacturerName":null,"offerId":"AF9F88CBA289493BB4A1BCD28AE0F6DC","fitmentLabel":"","isAtfMarker":false,"sellerId":"F55CDC31AB754BB68FE0B39041159D63","sellerName":"Walmart.com","hasSellerBadge":null,"seller":{"name":"Walmart.com","sellerId":"F55CDC31AB754BB68FE0B39041159D63"},"sponsoredProduct":null},{"__typename":"Product","availabilityStatusDisplayValue":"In stock","productLocationDisplayValue":"A16","externalInfoUrl":"","canonicalUrl":"/ip/Helper-Bold-Pepper-Jack-Queso-Mac-and-Cheese-2-6-oz-cup/302397531?fulfillmentIntent=In-store","canAddToCart":true,"showOptions":false,"description":"Betty Crocker Helper Mw Pepper Jack Mac \u0026 Cheese Cups","flag":"","fulfillmentBadges":["Pickup","Delivery"],"fulfillmentIcon":{"key":"SAVE_WITH_W_PLUS","label":"Save with"},"fulfillmentBadge":"","fulfillmentSpeed":[],"fulfillmentType":"STORE","id":"4U3QMRAHWSMP","usItemId":"302397531","image":"https://i5.walmartimages.com/asr/e723373f-1f71-4c83-b0fd-85ffa20e1450.2dd6c8df642d45ba9a1294e514b59335.png?odnHeight=180\u0026odnWidth=180\u0026odnBg=ffffff","isOutOfStock":false,"esrb":"","mediaRating":"","name":"Helper, Bold Pepper Jack Queso Mac and Cheese, 2.6 oz cup","price":1.46,"preOrder":{"isPreOrder":false,"preOrderMessage":null,"preOrderStreetDateMessage":null},"priceInfo":{"itemPrice":"","linePrice":"$1.46","wasPrice":"","unitPrice":"56.2 ¢/oz","shipPrice":"","minPriceForVariant":"","subscriptionPrice":"","subscriptionString":"","priceDisplayCondition":"","finalCostByWeight":false,"submapType":""},"rating":{"averageRating":0,"numberOfReviews":0},"salesUnit":"EACH","variantList":[],"isVariantTypeSwatch":false,"brand":null,"manufacturerName":null,"offerId":"FF1C8464E5CE4925A1C5CAE94848F5BB","fitmentLabel":"","isAtfMarker":false,"sellerId":"F55CDC31AB754BB68FE0B39041159D63","sellerName":"Walmart.com","hasSellerBadge":null,"seller":{"name":"Walmart.com","sellerId":"F55CDC31AB754BB68FE0B39041159D63"},"sponsoredProduct":null},{"__typename":"Product","availabilityStatusDisplayValue":"In stock","productLocationDisplayValue":"A16","externalInfoUrl":"","canonicalUrl":"/ip/Betty-Crocker-Suddenly-Creamy-Macaroni-Pasta-Salad-Mix-6-5-oz/43819427?fulfillmentIntent=In-store","canAddToCart":true,"showOptions":false,"description":"\u003cli\u003ePasta, sweet peas \u0026 seasoning\u003c/li\u003e\u003cli\u003eCool and creamy pasta side dish\u003c/li\u003e\u003cli\u003e4 servings\u003c/li\u003e","flag":"","fulfillmentBadges":["Pickup","Delivery","3+ day shipping"],"fulfillmentIcon":{"key":"SAVE_WITH_W_PLUS","label":"Save with"},"fulfillmentBadge":"","fulfillmentSpeed":[],"fulfillmentType":"STORE","id":"60F74L2XD543","usItemId":"43819427","image":"https://i5.walmartimages.com/asr/c3c88032-fc9e-4966-b318-183b13e3e076.17ccb6758cf67b59a3c9b8bdc72263e5.png?odnHeight=180\u0026odnWidth=180\u0026odnBg=ffffff","isOutOfStock":false,"esrb":"","mediaRating":"","name":"Betty Crocker Suddenly Creamy Macaroni Pasta Salad Mix, 6.5 oz","price":2.44,"preOrder":{"isPreOrder":false,"preOrderMessage":null,"preOrderStreetDateMessage":null},"priceInfo":{"itemPrice":"","linePrice":"$2.44","wasPrice":"","unitPrice":"37.5 ¢/oz","shipPrice":"","minPriceForVariant":"","subscriptionPrice":"","subscriptionString":"","priceDisplayCondition":"","finalCostByWeight":false,"submapType":""},"rating":{"averageRating":0,"numberOfReviews":0},"salesUnit":"EACH","variantList":[],"isVariantTypeSwatch":false,"brand":null,"manufacturerName":null,"offerId":"1D4E7D4AFDA54E1AA2B319921E3CA762","fitmentLabel":"","isAtfMarker":false,"sellerId":"F55CDC31AB754BB68FE0B39041159D63","sellerName":"Walmart.com","hasSellerBadge":null,"seller":{"name":"Walmart.com","sellerId":"F55CDC31AB754BB68FE0B39041159D63"},"sponsoredProduct":null},{"__typename":"Product","availabilityStatusDisplayValue":"In stock","productLocationDisplayValue":"A16","externalInfoUrl":"","canonicalUrl":"/ip/HORMEL-COMPLEATS-Beefy-Macaroni-Cheese-7-5-oz/45912918?fulfillmentIntent=In-store","canAddToCart":true,"showOptions":false,"description":"\u003cli\u003e12g Protein\u003c/li\u003e\u003cli\u003eReady in 60 Seconds\u003c/li\u003e\u003cli\u003eSince 1891\u003c/li\u003e","flag":"","fulfillmentBadges":["Pickup","Delivery"],"fulfillmentIcon":{"key":"SAVE_WITH_W_PLUS","label":"Save with"},"fulfillmentBadge":"","fulfillmentSpeed":[],"fulfillmentType":"STORE","id":"4JC1T82GBACO","usItemId":"45912918","image":"https://i5.walmartimages.com/asr/8b964b94-323c-4708-a43c-13e25d7dedee_1.1f8fb8cf35f3dcd575befd2c9d1e8df2.jpeg?odnHeight=180\u0026odnWidth=180\u0026odnBg=ffffff","isOutOfStock":false,"esrb":"","mediaRating":"","name":"HORMEL COMPLEATS Beefy Macaroni \u0026 Cheese, 7.5 oz","price":2,"preOrder":{"isPreOrder":false,"preOrderMessage":null,"preOrderStreetDateMessage":null},"priceInfo":{"itemPrice":"","linePrice":"$2.00","wasPrice":"","unitPrice":"26.7 ¢/oz","shipPrice":"","minPriceForVariant":"","subscriptionPrice":"","subscriptionString":"","priceDisplayCondition":"","finalCostByWeight":false,"submapType":""},"rating":{"averageRating":0,"numberOfReviews":0},"salesUnit":"EACH","variantList":[],"isVariantTypeSwatch":false,"brand":null,"manufacturerName":null,"offerId":"3ACF6470AC4D4FE293F36167205D7486","fitmentLabel":"","isAtfMarker":false,"sellerId":"F55CDC31AB754BB68FE0B39041159D63","sellerName":"Walmart.com","hasSellerBadge":null,"seller":{"name":"Walmart.com","sellerId":"F55CDC31AB754BB68FE0B39041159D63"},"sponsoredProduct":null},{"__typename":"Product","availabilityStatusDisplayValue":"In stock","productLocationDisplayValue":"A7","externalInfoUrl":"","canonicalUrl":"/ip/Birds-Eye-Veggie-Made-Cheddar-Mac-Cheese-Veggie-Noodles-10-Oz/271154553?fulfillmentIntent=In-store","canAddToCart":true,"showOptions":false,"description":"Steamfresh Besf Vm Elbow Mac N Chs","flag":"","fulfillmentBadges":["Pickup","Delivery"],"fulfillmentIcon":{"key":"SAVE_WITH_W_PLUS","label":"Save with"},"fulfillmentBadge":"","fulfillmentSpeed":[],"fulfillmentType":"STORE","id":"5X2MNF8LY38I","usItemId":"271154553","image":"https://i5.walmartimages.com/asr/5d43ff98-aa79-420b-bac1-b3870a207965_1.1640bc8e81af51d38fc4aaa306c30828.jpeg?odnHeight=180\u0026odnWidth=180\u0026odnBg=ffffff","isOutOfStock":false,"esrb":"","mediaRating":"","name":"Birds Eye Veggie Made Cheddar Mac \u0026 Cheese, Veggie Noodles, 10 Oz","price":2.97,"preOrder":{"isPreOrder":false,"preOrderMessage":null,"preOrderStreetDateMessage":null},"priceInfo":{"itemPrice":"","linePrice":"$2.97","wasPrice":"","unitPrice":"29.7 ¢/oz","shipPrice":"","minPriceForVariant":"","subscriptionPrice":"","subscriptionString":"","priceDisplayCondition":"","finalCostByWeight":false,"submapType":""},"rating":{"averageRating":0,"numberOfReviews":0},"salesUnit":"EACH","variantList":[],"isVariantTypeSwatch":false,"brand":null,"manufacturerName":null,"offerId":"57DE2DFA40264B1483771387D549A6A3","fitmentLabel":"","isAtfMarker":false,"sellerId":"F55CDC31AB754BB68FE0B39041159D63","sellerName":"Walmart.com","hasSellerBadge":null,"seller":{"name":"Walmart.com","sellerId":"F55CDC31AB754BB68FE0B39041159D63"},"sponsoredProduct":null},{"__typename":"Product","availabilityStatusDisplayValue":"In stock","productLocationDisplayValue":"A16","externalInfoUrl":"","canonicalUrl":"/ip/Annie-s-Deluxe-Rich-Creamy-Shells-Classic-Cheddar-Macaroni-Cheese-11-3oz/453257403?fulfillmentIntent=In-store","canAddToCart":true,"showOptions":false,"description":"Easy Squeezy Cheesy No need to add butter or milk Simply open the pouch squeeze and stir","flag":"","fulfillmentBadges":["Pickup","Delivery"],"fulfillmentIcon":{"key":"SAVE_WITH_W_PLUS","label":"Save with"},"fulfillmentBadge":"","fulfillmentSpeed":[],"fulfillmentType":"STORE","id":"1PT8TEN7G4AX","usItemId":"453257403","image":"https://i5.walmartimages.com/asr/55c07c16-2400-4bfd-a296-624413771755.a36afdf86d1bad80871aa5458213554c.png?odnHeight=180\u0026odnWidth=180\u0026odnBg=ffffff","isOutOfStock":false,"esrb":"","mediaRating":"","name":"Annie's Deluxe Rich \u0026 Creamy Shells \u0026 Classic Cheddar Macaroni \u0026 Cheese, 11.3oz","price":2.98,"preOrder":{"isPreOrder":false,"preOrderMessage":null,"preOrderStreetDateMessage":null},"priceInfo":{"itemPrice":"","linePrice":"$2.98","wasPrice":"","unitPrice":"26.4 ¢/oz","shipPrice":"","minPriceForVariant":"","subscriptionPrice":"","subscriptionString":"","priceDisplayCondition":"","finalCostByWeight":false,"submapType":""},"rating":{"averageRating":0,"numberOfReviews":0},"salesUnit":"EACH","variantList":[],"isVariantTypeSwatch":false,"brand":null,"manufacturerName":null,"offerId":"E8EF2B4169A6445C813F36B041FBD113","fitmentLabel":"","isAtfMarker":false,"sellerId":"F55CDC31AB754BB68FE0B39041159D63","sellerName":"Walmart.com","hasSellerBadge":null,"seller":{"name":"Walmart.com","sellerId":"F55CDC31AB754BB68FE0B39041159D63"},"sponsoredProduct":{"spQs":"gp3ZrM7p0F6yCs9Gr5NqYhB00qyS01V_O68pH49uvEz8mfIeAdhQ4xvs0V1joy4Wu9uRlgwZN2NQrajNSxcZC2IdAbtdMapbKeq8DD3JYEU","clickBeacon":"https://wrd.walmart.com/track?pltfm=desktop\u0026tax=976759_976794_5614446_6189969\u0026rdf=0\u0026plmt=__plmt__\u0026eventST=__eventST__\u0026spQs=gp3ZrM7p0F6yCs9Gr5NqYhB00qyS01V_O68pH49uvEz8mfIeAdhQ4xvs0V1joy4Wu9uRlgwZN2NQrajNSxcZC2IdAbtdMapbKeq8DD3JYEU\u0026pos=__pos__\u0026pgId=mac+and+cheese\u0026bt=__bt__\u0026adUid=AooOBcV-7uXBu6x1ePeZc0JQomBwo_mIBCSL\u0026storeId=999\u0026mloc=sp-search-middle\u0026pt=search","spTags":null}},{"__typename":"Product","availabilityStatusDisplayValue":"In stock","productLocationDisplayValue":"A17","externalInfoUrl":"","canonicalUrl":"/ip/Annie-s-Gluten-Free-Rice-Pasta-Cheddar-Mac-Cheese-Microwavable-Cups-2-ct/338285440?fulfillmentIntent=In-store","canAddToCart":true,"showOptions":false,"description":"\u003cli\u003e100% real cheese\u003c/li\u003e\u003cli\u003eNo artificial flavors, synthetic colors or preservatives\u003c/li\u003e\u003cli\u003eCheese from cows not treated with rBST\u003c/li\u003e","flag":"","fulfillmentBadges":["Pickup","Delivery","2-day shipping"],"fulfillmentIcon":{"key":"SAVE_WITH_W_PLUS","label":"Save with"},"fulfillmentBadge":"","fulfillmentSpeed":[],"fulfillmentType":"STORE","id":"1069WAPJE007","usItemId":"338285440","image":"https://i5.walmartimages.com/asr/277d784c-c767-4bb8-a4d7-42af20cc3878.e3ca680f20a21598dc0fdd8f9139fcf6.png?odnHeight=180\u0026odnWidth=180\u0026odnBg=ffffff","isOutOfStock":false,"esrb":"","mediaRating":"","name":"Annie's Gluten Free Rice Pasta \u0026 Cheddar Mac \u0026 Cheese, Microwavable Cups, 2 ct","price":3.48,"preOrder":{"isPreOrder":false,"preOrderMessage":null,"preOrderStreetDateMessage":null},"priceInfo":{"itemPrice":"","linePrice":"$3.48","wasPrice":"","unitPrice":"86.6 ¢/oz","shipPrice":"","minPriceForVariant":"","subscriptionPrice":"","subscriptionString":"","priceDisplayCondition":"","finalCostByWeight":false,"submapType":""},"rating":{"averageRating":0,"numberOfReviews":0},"salesUnit":"EACH","variantList":[],"isVariantTypeSwatch":false,"brand":null,"manufacturerName":null,"offerId":"0DA00033A9424F618674A1D922DB36F4","fitmentLabel":"","isAtfMarker":false,"sellerId":"F55CDC31AB754BB68FE0B39041159D63","sellerName":"Walmart.com","hasSellerBadge":null,"seller":{"name":"Walmart.com","sellerId":"F55CDC31AB754BB68FE0B39041159D63"},"sponsoredProduct":{"spQs":"gp3ZrM7p0F6yCs9Gr5NqYhB00qyS01V_O68pH49uvEyZB5wrIBQp05tiZrmhWVfSW57yY7_XUEudfMQEMH-UKGIdAbtdMapbKeq8DD3JYEU","clickBeacon":"https://wrd.walmart.com/track?pltfm=desktop\u0026tax=976759_976794_5614446_6189969\u0026rdf=0\u0026plmt=__plmt__\u0026eventST=__eventST__\u0026spQs=gp3ZrM7p0F6yCs9Gr5NqYhB00qyS01V_O68pH49uvEyZB5wrIBQp05tiZrmhWVfSW57yY7_XUEudfMQEMH-UKGIdAbtdMapbKeq8DD3JYEU\u0026pos=__pos__\u0026pgId=mac+and+cheese\u0026bt=__bt__\u0026adUid=AooOBcV-7uXBu6x1ePeZc0JQomBwo_mIBCSL\u0026storeId=999\u0026mloc=sp-search-middle\u0026pt=search","spTags":null}},{"__typename":"Product","availabilityStatusDisplayValue":"In stock","productLocationDisplayValue":"A5","externalInfoUrl":"","canonicalUrl":"/ip/Hungry-Man-Double-Chicken-Boneless-Fried-Chicken-Bowls-15-oz/216440550?fulfillmentIntent=In-store","canAddToCart":true,"showOptions":false,"description":"\u003cli\u003e2 breaded, boneless white meat chicken patties \u0026 white cheddar mac \u0026 cheese\u003c/li\u003e\u003cli\u003eQuick \u0026 convenient\u003c/li\u003e\u003cli\u003eLarge, filling portions\u003c/li\u003e","flag":"","fulfillmentBadges":["Pickup","Delivery"],"fulfillmentIcon":{"key":"SAVE_WITH_W_PLUS","label":"Save with"},"fulfillmentBadge":"","fulfillmentSpeed":[],"fulfillmentType":"STORE","id":"0S7KY6WSUCBX","usItemId":"216440550","image":"https://i5.walmartimages.com/asr/b3a51d60-ecd9-448c-b9a5-d9fc56d0ac11.77c29650790e1223751922c09ed2df73.jpeg?odnHeight=180\u0026odnWidth=180\u0026odnBg=ffffff","isOutOfStock":false,"esrb":"","mediaRating":"","name":"Hungry-Man Double Chicken Boneless Fried Chicken Bowls, 15 oz","price":3.48,"preOrder":{"isPreOrder":false,"preOrderMessage":null,"preOrderStreetDateMessage":null},"priceInfo":{"itemPrice":"","linePrice":"$3.48","wasPrice":"","unitPrice":"23.2 ¢/oz","shipPrice":"","minPriceForVariant":"","subscriptionPrice":"","subscriptionString":"","priceDisplayCondition":"","finalCostByWeight":false,"submapType":""},"rating":{"averageRating":0,"numberOfReviews":0},"salesUnit":"EACH","variantList":[],"isVariantTypeSwatch":false,"brand":null,"manufacturerName":null,"offerId":"98976638D8514087BBA8F39FD7622A7B","fitmentLabel":"","isAtfMarker":false,"sellerId":"F55CDC31AB754BB68FE0B39041159D63","sellerName":"Walmart.com","hasSellerBadge":null,"seller":{"name":"Walmart.com","sellerId":"F55CDC31AB754BB68FE0B39041159D63"},"sponsoredProduct":null},{"__typename":"Product","availabilityStatusDisplayValue":"In stock","productLocationDisplayValue":"A16","externalInfoUrl":"","canonicalUrl":"/ip/HORMEL-COMPLEATS-Macaroni-Cheese-7-5-oz/22217963?fulfillmentIntent=In-store","canAddToCart":true,"showOptions":false,"description":"\u003cli\u003e14g Protein\u003c/li\u003e\u003cli\u003eReady in 60 Seconds\u003c/li\u003e\u003cli\u003eSince 1891\u003c/li\u003e","flag":"","fulfillmentBadges":["Pickup","Delivery","2-day shipping"],"fulfillmentIcon":{"key":"SAVE_WITH_W_PLUS","label":"Save with"},"fulfillmentBadge":"","fulfillmentSpeed":[],"fulfillmentType":"STORE","id":"6ZLD8G41EDLU","usItemId":"22217963","image":"https://i5.walmartimages.com/asr/8311cdd7-78a6-43ec-b52f-05b106e4005e_1.02174308cb761004064486efe7d1273a.jpeg?odnHeight=180\u0026odnWidth=180\u0026odnBg=ffffff","isOutOfStock":false,"esrb":"","mediaRating":"","name":"HORMEL COMPLEATS Macaroni \u0026 Cheese, 7.5 oz","price":2,"preOrder":{"isPreOrder":false,"preOrderMessage":null,"preOrderStreetDateMessage":null},"priceInfo":{"itemPrice":"","linePrice":"$2.00","wasPrice":"","unitPrice":"26.7 ¢/oz","shipPrice":"","minPriceForVariant":"","subscriptionPrice":"","subscriptionString":"","priceDisplayCondition":"","finalCostByWeight":false,"submapType":""},"rating":{"averageRating":0,"numberOfReviews":0},"salesUnit":"EACH","variantList":[],"isVariantTypeSwatch":false,"brand":null,"manufacturerName":null,"offerId":"38F49E4B7E3B406E8529FC81401B198F","fitmentLabel":"","isAtfMarker":false,"sellerId":"F55CDC31AB754BB68FE0B39041159D63","sellerName":"Walmart.com","hasSellerBadge":null,"seller":{"name":"Walmart.com","sellerId":"F55CDC31AB754BB68FE0B39041159D63"},"sponsoredProduct":null},{"__typename":"Product","availabilityStatusDisplayValue":"In stock","productLocationDisplayValue":"A16","externalInfoUrl":"","canonicalUrl":"/ip/Daiya-Cheddar-Style-Deluxe-Cheezy-Mac-10-6-oz/184296754?fulfillmentIntent=In-store","canAddToCart":true,"showOptions":false,"description":"Daiya Cheezy Mac, Deluxe Cheddar Style","flag":"","fulfillmentBadges":["Pickup","Delivery","2-day shipping"],"fulfillmentIcon":{"key":"SAVE_WITH_W_PLUS","label":"Save with"},"fulfillmentBadge":"","fulfillmentSpeed":[],"fulfillmentType":"STORE","id":"5993HMPCK9SK","usItemId":"184296754","image":"https://i5.walmartimages.com/asr/ef088794-8420-4e8d-b7e5-1c3e26ff5c67.7313dc1823c42a5e210f7b3107d2f87f.jpeg?odnHeight=180\u0026odnWidth=180\u0026odnBg=ffffff","isOutOfStock":false,"esrb":"","mediaRating":"","name":"Daiya Cheddar Style Deluxe Cheezy Mac, 10.6 oz","price":3.97,"preOrder":{"isPreOrder":false,"preOrderMessage":null,"preOrderStreetDateMessage":null},"priceInfo":{"itemPrice":"","linePrice":"$3.97","wasPrice":"","unitPrice":"37.5 ¢/oz","shipPrice":"","minPriceForVariant":"","subscriptionPrice":"","subscriptionString":"","priceDisplayCondition":"","finalCostByWeight":false,"submapType":""},"rating":{"averageRating":0,"numberOfReviews":0},"salesUnit":"EACH","variantList":[],"isVariantTypeSwatch":false,"brand":null,"manufacturerName":null,"offerId":"784C42316B81421CBA5972FD86C3B4B5","fitmentLabel":"","isAtfMarker":false,"sellerId":"F55CDC31AB754BB68FE0B39041159D63","sellerName":"Walmart.com","hasSellerBadge":null,"seller":{"name":"Walmart.com","sellerId":"F55CDC31AB754BB68FE0B39041159D63"},"sponsoredProduct":null},{"__typename":"Product","availabilityStatusDisplayValue":"In stock","productLocationDisplayValue":"A5","externalInfoUrl":"","canonicalUrl":"/ip/Lean-Cuisine-Features-Salisbury-Steak-with-Mac-Cheese-Frozen-Meal-9-5-oz/10804810?fulfillmentIntent=In-store","canAddToCart":true,"showOptions":false,"description":"\u003cli\u003eEnjoy the foods you love with the Lean Cuisine Features Salisbury Steak with Macaroni \u0026 Cheese Frozen Meal. This frozen dinner features tender Salisbury steak in a savory brown gravy with\u003c/li\u003e","flag":"","fulfillmentBadges":["Pickup","Delivery"],"fulfillmentIcon":{"key":"SAVE_WITH_W_PLUS","label":"Save with"},"fulfillmentBadge":"","fulfillmentSpeed":[],"fulfillmentType":"STORE","id":"4B28TAWCJIDD","usItemId":"10804810","image":"https://i5.walmartimages.com/asr/f9f75328-4d17-4ec0-8c29-0cc0392708e8.af6b2d9b32ac8737aa5c0e3d1c8d7263.jpeg?odnHeight=180\u0026odnWidth=180\u0026odnBg=ffffff","isOutOfStock":false,"esrb":"","mediaRating":"","name":"Lean Cuisine Features Salisbury Steak with Mac \u0026 Cheese Frozen Meal 9.5 oz.","price":2.66,"preOrder":{"isPreOrder":false,"preOrderMessage":null,"preOrderStreetDateMessage":null},"priceInfo":{"itemPrice":"","linePrice":"$2.66","wasPrice":"","unitPrice":"28.0 ¢/oz","shipPrice":"","minPriceForVariant":"","subscriptionPrice":"","subscriptionString":"","priceDisplayCondition":"","finalCostByWeight":false,"submapType":""},"rating":{"averageRating":0,"numberOfReviews":0},"salesUnit":"EACH","variantList":[],"isVariantTypeSwatch":false,"brand":null,"manufacturerName":null,"offerId":"C5D0857C2D2E4C91AAA21409AB4CDDAF","fitmentLabel":"","isAtfMarker":false,"sellerId":"F55CDC31AB754BB68FE0B39041159D63","sellerName":"Walmart.com","hasSellerBadge":null,"seller":{"name":"Walmart.com","sellerId":"F55CDC31AB754BB68FE0B39041159D63"},"sponsoredProduct":null},{"__typename":"Product","availabilityStatusDisplayValue":"In stock","productLocationDisplayValue":"A5","externalInfoUrl":"","canonicalUrl":"/ip/Kraft-First-Adventures-Mexican-Inspired-Macaroni-Cheese-Frozen-Dinner-with-Fajita-Chicken-Mild-Chili-Sauce-Corn-8-5-oz-Box/764255160?fulfillmentIntent=In-store","canAddToCart":true,"showOptions":false,"description":"\u003cli\u003eKraft\u003c/li\u003e","flag":"","fulfillmentBadges":["Pickup","Delivery"],"fulfillmentIcon":{"key":"SAVE_WITH_W_PLUS","label":"Save with"},"fulfillmentBadge":"","fulfillmentSpeed":[],"fulfillmentType":"STORE","id":"66XOHPXX0XXJ","usItemId":"764255160","image":"https://i5.walmartimages.com/asr/b8c25d11-6f01-4492-a4ed-03bf51ab0500.63bd52289d70fa4f77eb01865aba5c1e.jpeg?odnHeight=180\u0026odnWidth=180\u0026odnBg=ffffff","isOutOfStock":false,"esrb":"","mediaRating":"","name":"Kraft First Adventures Mexican Inspired Macaroni \u0026 Cheese Frozen Dinner with Fajita Chicken, Mild Chili Sauce \u0026 Corn, 8.5 oz Box","price":2.78,"preOrder":{"isPreOrder":false,"preOrderMessage":null,"preOrderStreetDateMessage":null},"priceInfo":{"itemPrice":"","linePrice":"$2.78","wasPrice":"","unitPrice":"32.7 ¢/oz","shipPrice":"","minPriceForVariant":"","subscriptionPrice":"","subscriptionString":"","priceDisplayCondition":"","finalCostByWeight":false,"submapType":""},"rating":{"averageRating":0,"numberOfReviews":0},"salesUnit":"EACH","variantList":[],"isVariantTypeSwatch":false,"brand":null,"manufacturerName":null,"offerId":"4F89725921794790985AA4484E5E9151","fitmentLabel":"","isAtfMarker":false,"sellerId":"F55CDC31AB754BB68FE0B39041159D63","sellerName":"Walmart.com","hasSellerBadge":null,"seller":{"name":"Walmart.com","sellerId":"F55CDC31AB754BB68FE0B39041159D63"},"sponsoredProduct":null},{"__typename":"Product","availabilityStatusDisplayValue":"In stock","productLocationDisplayValue":"A16","externalInfoUrl":"","canonicalUrl":"/ip/Kraft-Original-Macaroni-Cheese-Easy-Microwavable-Dinner-2-05-oz-Cup/10295355?fulfillmentIntent=In-store","canAddToCart":true,"showOptions":false,"description":"\u003cli\u003eeasy macaroni and cheese\u003c/li\u003e","flag":"","fulfillmentBadges":["Pickup","Delivery","3+ day shipping"],"fulfillmentIcon":{"key":"SAVE_WITH_W_PLUS","label":"Save with"},"fulfillmentBadge":"","fulfillmentSpeed":[],"fulfillmentType":"STORE","id":"42QVFA3NK97S","usItemId":"10295355","image":"https://i5.walmartimages.com/asr/4062600d-62b1-4433-a43a-10e497c3fea9.244e59daf7126d5c771606593f09be0f.jpeg?odnHeight=180\u0026odnWidth=180\u0026odnBg=ffffff","isOutOfStock":false,"esrb":"","mediaRating":"","name":"Kraft Original Macaroni \u0026 Cheese Easy Microwavable Dinner, 2.05 oz Cup","price":1.32,"preOrder":{"isPreOrder":false,"preOrderMessage":null,"preOrderStreetDateMessage":null},"priceInfo":{"itemPrice":"","linePrice":"$1.32","wasPrice":"","unitPrice":"64.4 ¢/oz","shipPrice":"","minPriceForVariant":"","subscriptionPrice":"","subscriptionString":"","priceDisplayCondition":"","finalCostByWeight":false,"submapType":""},"rating":{"averageRating":0,"numberOfReviews":0},"salesUnit":"EACH","variantList":[],"isVariantTypeSwatch":false,"brand":null,"manufacturerName":null,"offerId":"AB4D9821BCB14B9F88A5D8BF92394295","fitmentLabel":"","isAtfMarker":false,"sellerId":"F55CDC31AB754BB68FE0B39041159D63","sellerName":"Walmart.com","hasSellerBadge":null,"seller":{"name":"Walmart.com","sellerId":"F55CDC31AB754BB68FE0B39041159D63"},"sponsoredProduct":null},{"__typename":"Product","availabilityStatusDisplayValue":"In stock","productLocationDisplayValue":"A16","externalInfoUrl":"","canonicalUrl":"/ip/Veggiecraft-Farms-Mac-Cheese-Made-with-Cauliflower-Pasta-2-05-oz/369368607?fulfillmentIntent=In-store","canAddToCart":true,"showOptions":false,"description":"\u003cdiv style=\"color: rgb(109, 110, 113); font-family: bogleweb, \"helvetica neue\", helvetica, arial, sans-serif; font-size: 14px;\"\u003e\u003cli\u003eGluten-Free\u003c/li\u003e\u003cli\u003ePerfect for lunch or on the go\u003c/li\u003e\u003cli\u003eHigh in\u003c/li\u003e\u003c/div\u003e","flag":"","fulfillmentBadges":["Pickup","Delivery","3+ day shipping"],"fulfillmentIcon":{"key":"SAVE_WITH_W_PLUS","label":"Save with"},"fulfillmentBadge":"","fulfillmentSpeed":[],"fulfillmentType":"STORE","id":"3G1EL9PQ5PQP","usItemId":"369368607","image":"https://i5.walmartimages.com/asr/66a5fc0a-7991-4151-a512-7f912505d1b4_4.4684712e6bb2316dc58291b4f68795bc.png?odnHeight=180\u0026odnWidth=180\u0026odnBg=ffffff","isOutOfStock":false,"esrb":"","mediaRating":"","name":"Veggiecraft Farms Mac \u0026 Cheese Made with Cauliflower Pasta, 2.05 oz.","price":1.98,"preOrder":{"isPreOrder":false,"preOrderMessage":null,"preOrderStreetDateMessage":null},"priceInfo":{"itemPrice":"","linePrice":"$1.98","wasPrice":"","unitPrice":"96.6 ¢/oz","shipPrice":"","minPriceForVariant":"","subscriptionPrice":"","subscriptionString":"","priceDisplayCondition":"","finalCostByWeight":false,"submapType":""},"rating":{"averageRating":0,"numberOfReviews":0},"salesUnit":"EACH","variantList":[],"isVariantTypeSwatch":false,"brand":null,"manufacturerName":null,"offerId":"3762119B7EEC42628F7670D59EB51811","fitmentLabel":"","isAtfMarker":false,"sellerId":"F55CDC31AB754BB68FE0B39041159D63","sellerName":"Walmart.com","hasSellerBadge":null,"seller":{"name":"Walmart.com","sellerId":"F55CDC31AB754BB68FE0B39041159D63"},"sponsoredProduct":null},{"__typename":"Product","availabilityStatusDisplayValue":"In stock","productLocationDisplayValue":"A40","externalInfoUrl":"","canonicalUrl":"/ip/Marketside-Creamy-White-Macaroni-Cheese-16-Oz/819367698?fulfillmentIntent=In-store","canAddToCart":true,"showOptions":false,"description":"Elbow macaroni in a blend of cheddar, American, parmesan, romano and Monterey Jack cheeses with white pepper\n\nReady in just 3-4 minutes in the microwave","flag":"","fulfillmentBadges":["Pickup","Delivery"],"fulfillmentIcon":{"key":"SAVE_WITH_W_PLUS","label":"Save with"},"fulfillmentBadge":"","fulfillmentSpeed":[],"fulfillmentType":"STORE","id":"53DOLXHAOGAW","usItemId":"819367698","image":"https://i5.walmartimages.com/asr/00d01447-0640-4f2c-bf0c-9e21f01435ff.ea63048c5bb36ac7dec72a985be0b466.jpeg?odnHeight=180\u0026odnWidth=180\u0026odnBg=ffffff","isOutOfStock":false,"esrb":"","mediaRating":"","name":"Marketside Creamy White Macaroni \u0026 Cheese, 16 Oz","price":3.87,"preOrder":{"isPreOrder":false,"preOrderMessage":null,"preOrderStreetDateMessage":null},"priceInfo":{"itemPrice":"","linePrice":"$3.87","wasPrice":"","unitPrice":"24.2 ¢/oz","shipPrice":"","minPriceForVariant":"","subscriptionPrice":"","subscriptionString":"","priceDisplayCondition":"","finalCostByWeight":false,"submapType":""},"rating":{"averageRating":0,"numberOfReviews":0},"salesUnit":"EACH","variantList":[],"isVariantTypeSwatch":false,"brand":null,"manufacturerName":null,"offerId":"5DDD020D30D24894B16DC5AB1EA84FA6","fitmentLabel":"","isAtfMarker":false,"sellerId":"F55CDC31AB754BB68FE0B39041159D63","sellerName":"Walmart.com","hasSellerBadge":null,"seller":{"name":"Walmart.com","sellerId":"F55CDC31AB754BB68FE0B39041159D63"},"sponsoredProduct":null},{"__typename":"Product","availabilityStatusDisplayValue":"In stock","productLocationDisplayValue":"A16","externalInfoUrl":"","canonicalUrl":"/ip/Helper-Bold-Spicy-Nacho-Mac-and-Cheese-2-6-oz-cup/580158851?fulfillmentIntent=In-store","canAddToCart":true,"showOptions":false,"description":"Betty Crocker Helper Mw Spicy Nacho Mac \u0026 Cheese Cups","flag":"","fulfillmentBadges":["Pickup","Delivery"],"fulfillmentIcon":{"key":"SAVE_WITH_W_PLUS","label":"Save with"},"fulfillmentBadge":"","fulfillmentSpeed":[],"fulfillmentType":"STORE","id":"65F9IYTPKGPW","usItemId":"580158851","image":"https://i5.walmartimages.com/asr/6e100b21-12d2-42af-99e7-805f67090545.14f491298d502a773061c47a01d4c3dc.png?odnHeight=180\u0026odnWidth=180\u0026odnBg=ffffff","isOutOfStock":false,"esrb":"","mediaRating":"","name":"Helper, Bold Spicy Nacho Mac and Cheese, 2.6 oz cup","price":1.46,"preOrder":{"isPreOrder":false,"preOrderMessage":null,"preOrderStreetDateMessage":null},"priceInfo":{"itemPrice":"","linePrice":"$1.46","wasPrice":"","unitPrice":"56.2 ¢/oz","shipPrice":"","minPriceForVariant":"","subscriptionPrice":"","subscriptionString":"","priceDisplayCondition":"","finalCostByWeight":false,"submapType":""},"rating":{"averageRating":0,"numberOfReviews":0},"salesUnit":"EACH","variantList":[],"isVariantTypeSwatch":false,"brand":null,"manufacturerName":null,"offerId":"091CD15EC9874D3A88C71FDB57EDC926","fitmentLabel":"","isAtfMarker":false,"sellerId":"F55CDC31AB754BB68FE0B39041159D63","sellerName":"Walmart.com","hasSellerBadge":null,"seller":{"name":"Walmart.com","sellerId":"F55CDC31AB754BB68FE0B39041159D63"},"sponsoredProduct":null},{"__typename":"Product","availabilityStatusDisplayValue":"In stock","productLocationDisplayValue":"A17","externalInfoUrl":"","canonicalUrl":"/ip/Great-Value-Gluten-Free-Cheeseburger-Macaroni-Dinner-Kit-12-8-oz/611975804?fulfillmentIntent=In-store","canAddToCart":true,"showOptions":false,"description":"\u003cli\u003eGluten-free dinner option\u003c/li\u003e\u003cli\u003eGreat for the whole family!\u003c/li\u003e\u003cli\u003eIncludes brown rice macaroni and cheese sauce\u003c/li\u003e","flag":"","fulfillmentBadges":["Pickup","Delivery"],"fulfillmentIcon":{"key":"SAVE_WITH_W_PLUS","label":"Save with"},"fulfillmentBadge":"","fulfillmentSpeed":[],"fulfillmentType":"STORE","id":"0XB3C7OGU2GI","usItemId":"611975804","image":"https://i5.walmartimages.com/asr/ed01507c-9b4e-4e03-ad39-cccde3cb4a94_3.d9e0bf21e846ba2ce3d8e28cb9bcebca.jpeg?odnHeight=180\u0026odnWidth=180\u0026odnBg=ffffff","isOutOfStock":false,"esrb":"","mediaRating":"","name":"Great Value Gluten-Free Cheeseburger Macaroni Dinner Kit, 12.8 oz","price":2.48,"preOrder":{"isPreOrder":false,"preOrderMessage":null,"preOrderStreetDateMessage":null},"priceInfo":{"itemPrice":"","linePrice":"$2.48","wasPrice":"","unitPrice":"19.4 ¢/oz","shipPrice":"","minPriceForVariant":"","subscriptionPrice":"","subscriptionString":"","priceDisplayCondition":"","finalCostByWeight":false,"submapType":""},"rating":{"averageRating":0,"numberOfReviews":0},"salesUnit":"EACH","variantList":[],"isVariantTypeSwatch":false,"brand":null,"manufacturerName":null,"offerId":"3424F22F13FA4DCCA14F291E51BE90F0","fitmentLabel":"","isAtfMarker":false,"sellerId":"F55CDC31AB754BB68FE0B39041159D63","sellerName":"Walmart.com","hasSellerBadge":null,"seller":{"name":"Walmart.com","sellerId":"F55CDC31AB754BB68FE0B39041159D63"},"sponsoredProduct":null},{"__typename":"Product","availabilityStatusDisplayValue":"In stock","productLocationDisplayValue":"A15","externalInfoUrl":"","canonicalUrl":"/ip/Great-Value-Elbows-48-oz/10534106?fulfillmentIntent=In-store","canAddToCart":true,"showOptions":false,"description":"\u003cli\u003eLarge family-size, 48-ounce box of classic elbow noodles\u003c/li\u003e\u003cli\u003eEnriched macaroni product\u003c/li\u003e\u003cli\u003eIdeal for pasta salads, casseroles, and traditional macaroni and cheese\u003c/li\u003e","flag":"","fulfillmentBadges":["Pickup","Delivery"],"fulfillmentIcon":{"key":"SAVE_WITH_W_PLUS","label":"Save with"},"fulfillmentBadge":"","fulfillmentSpeed":[],"fulfillmentType":"STORE","id":"673AMIF3UJGI","usItemId":"10534106","image":"https://i5.walmartimages.com/asr/f305de6a-f090-42e5-9ec9-d8b0fd6ad18f_1.01faa154eeb9c95a10dc5b85de4170b4.jpeg?odnHeight=180\u0026odnWidth=180\u0026odnBg=ffffff","isOutOfStock":false,"esrb":"","mediaRating":"","name":"Great Value Elbows, 48 oz","price":2.92,"preOrder":{"isPreOrder":false,"preOrderMessage":null,"preOrderStreetDateMessage":null},"priceInfo":{"itemPrice":"","linePrice":"$2.92","wasPrice":"","unitPrice":"6.1 ¢/oz","shipPrice":"","minPriceForVariant":"","subscriptionPrice":"","subscriptionString":"","priceDisplayCondition":"","finalCostByWeight":false,"submapType":""},"rating":{"averageRating":4.6,"numberOfReviews":301},"salesUnit":"EACH","variantList":[],"isVariantTypeSwatch":false,"brand":null,"manufacturerName":null,"offerId":"62D8D618F8254FCEA0FABA6D8BF06F57","fitmentLabel":"","isAtfMarker":false,"sellerId":"F55CDC31AB754BB68FE0B39041159D63","sellerName":"Walmart.com","hasSellerBadge":null,"seller":{"name":"Walmart.com","sellerId":"F55CDC31AB754BB68FE0B39041159D63"},"sponsoredProduct":null},{"__typename":"Product","availabilityStatusDisplayValue":"In stock","productLocationDisplayValue":"A16","externalInfoUrl":"","canonicalUrl":"/ip/Velveeta-Cheesy-Bowls-Ultimate-Cheeseburger-Mac-with-Savory-Cheese-Sauce-Microwavable-Meal-9-oz-Tray/27291199?fulfillmentIntent=In-store","canAddToCart":true,"showOptions":false,"description":"\u003cli\u003eelbow pasta\u003c/li\u003e","flag":"","fulfillmentBadges":["Pickup","Delivery"],"fulfillmentIcon":{"key":"SAVE_WITH_W_PLUS","label":"Save with"},"fulfillmentBadge":"","fulfillmentSpeed":[],"fulfillmentType":"STORE","id":"3GE9WJ4CCJHS","usItemId":"27291199","image":"https://i5.walmartimages.com/asr/0e728272-cd59-4a6a-ada4-bbae26210b04.215d124c759b34386bad4cd744d6f17b.jpeg?odnHeight=180\u0026odnWidth=180\u0026odnBg=ffffff","isOutOfStock":false,"esrb":"","mediaRating":"","name":"Velveeta Cheesy Bowls Ultimate Cheeseburger Mac with Savory Cheese Sauce Microwavable Meal, 9 oz Tray","price":2.74,"preOrder":{"isPreOrder":false,"preOrderMessage":null,"preOrderStreetDateMessage":null},"priceInfo":{"itemPrice":"","linePrice":"$2.74","wasPrice":"","unitPrice":"30.5 ¢/oz","shipPrice":"","minPriceForVariant":"","subscriptionPrice":"","subscriptionString":"","priceDisplayCondition":"","finalCostByWeight":false,"submapType":""},"rating":{"averageRating":0,"numberOfReviews":0},"salesUnit":"EACH","variantList":[],"isVariantTypeSwatch":false,"brand":null,"manufacturerName":null,"offerId":"E28820830AC04F6AB0380E5DEEFA4DF1","fitmentLabel":"","isAtfMarker":false,"sellerId":"F55CDC31AB754BB68FE0B39041159D63","sellerName":"Walmart.com","hasSellerBadge":null,"seller":{"name":"Walmart.com","sellerId":"F55CDC31AB754BB68FE0B39041159D63"},"sponsoredProduct":null},{"__typename":"Product","availabilityStatusDisplayValue":"In stock","productLocationDisplayValue":"A16","externalInfoUrl":"","canonicalUrl":"/ip/Velveeta-Cheesy-Bowls-Bacon-Mac-Cheese-with-Smoky-Cheese-Sauce-Microwavable-Meal-9-oz-Tray/44981948?fulfillmentIntent=In-store","canAddToCart":true,"showOptions":false,"description":"\u003cli\u003eelbow pasta\u003c/li\u003e","flag":"","fulfillmentBadges":["Pickup","Delivery","2-day shipping"],"fulfillmentIcon":{"key":"SAVE_WITH_W_PLUS","label":"Save with"},"fulfillmentBadge":"","fulfillmentSpeed":[],"fulfillmentType":"STORE","id":"1O7S3UH8LPE1","usItemId":"44981948","image":"https://i5.walmartimages.com/asr/f5620f74-751e-4549-9b4a-e41f97740741.c3bfd8371f2337a4f2df792bc93cabf9.jpeg?odnHeight=180\u0026odnWidth=180\u0026odnBg=ffffff","isOutOfStock":false,"esrb":"","mediaRating":"","name":"Velveeta Cheesy Bowls Bacon Mac \u0026 Cheese with Smoky Cheese Sauce Microwavable Meal, 9 oz Tray","price":2.74,"preOrder":{"isPreOrder":false,"preOrderMessage":null,"preOrderStreetDateMessage":null},"priceInfo":{"itemPrice":"","linePrice":"$2.74","wasPrice":"","unitPrice":"30.5 ¢/oz","shipPrice":"","minPriceForVariant":"","subscriptionPrice":"","subscriptionString":"","priceDisplayCondition":"","finalCostByWeight":false,"submapType":""},"rating":{"averageRating":0,"numberOfReviews":0},"salesUnit":"EACH","variantList":[],"isVariantTypeSwatch":false,"brand":null,"manufacturerName":null,"offerId":"E28F777BE2DF4B4A8DCD3CA27A589CD6","fitmentLabel":"","isAtfMarker":false,"sellerId":"F55CDC31AB754BB68FE0B39041159D63","sellerName":"Walmart.com","hasSellerBadge":null,"seller":{"name":"Walmart.com","sellerId":"F55CDC31AB754BB68FE0B39041159D63"},"sponsoredProduct":null},{"__typename":"Product","availabilityStatusDisplayValue":"In stock","productLocationDisplayValue":"A15","externalInfoUrl":"","canonicalUrl":"/ip/Skinner-Large-Elbows-Macaroni-Pasta-Bag-12-oz/10804740?fulfillmentIntent=In-store","canAddToCart":true,"showOptions":false,"description":"\u003cli\u003eCooks in 6-8 minutes\u003c/li\u003e\u003cli\u003eNon-GMO and no preservatives\u003c/li\u003e\u003cli\u003eGreat for mac and cheese\u003c/li\u003e\u003cli\u003eOne 12 oz. bag of large Elbows\u003c/li\u003e","flag":"","fulfillmentBadges":["Pickup","Delivery"],"fulfillmentIcon":{"key":"SAVE_WITH_W_PLUS","label":"Save with"},"fulfillmentBadge":"","fulfillmentSpeed":[],"fulfillmentType":"STORE","id":"42HB1ABCJWMX","usItemId":"10804740","image":"https://i5.walmartimages.com/asr/4584f1a3-08eb-4a5e-979e-9493ec657514_3.2c12fe5aa4e8b9610bdc3378344f7f3b.jpeg?odnHeight=180\u0026odnWidth=180\u0026odnBg=ffffff","isOutOfStock":false,"esrb":"","mediaRating":"","name":"Skinner Large Elbows Macaroni Pasta Bag, 12 oz","price":0.98,"preOrder":{"isPreOrder":false,"preOrderMessage":null,"preOrderStreetDateMessage":null},"priceInfo":{"itemPrice":"","linePrice":"$0.98","wasPrice":"","unitPrice":"8.2 ¢/oz","shipPrice":"","minPriceForVariant":"","subscriptionPrice":"","subscriptionString":"","priceDisplayCondition":"","finalCostByWeight":false,"submapType":""},"rating":{"averageRating":4.8,"numberOfReviews":9},"salesUnit":"EACH","variantList":[],"isVariantTypeSwatch":false,"brand":null,"manufacturerName":null,"offerId":"4ECA76433FA24EE4AF7F303440A47001","fitmentLabel":"","isAtfMarker":false,"sellerId":"F55CDC31AB754BB68FE0B39041159D63","sellerName":"Walmart.com","hasSellerBadge":null,"seller":{"name":"Walmart.com","sellerId":"F55CDC31AB754BB68FE0B39041159D63"},"sponsoredProduct":null},{"__typename":"Product","availabilityStatusDisplayValue":"In stock","productLocationDisplayValue":"A16","externalInfoUrl":"","canonicalUrl":"/ip/Daiya-Meatless-Bac-n-and-Cheddar-Style-Deluxe-Cheezy-Mac-Dairy-Free-Gluten-Free-Vegan-Mac-and-Cheese-10-9-oz/290428738?fulfillmentIntent=In-store","canAddToCart":true,"showOptions":false,"description":"DAIYA MTLS BAC CHED MAC","flag":"","fulfillmentBadges":["Pickup","Delivery","2-day shipping"],"fulfillmentIcon":{"key":"SAVE_WITH_W_PLUS","label":"Save with"},"fulfillmentBadge":"","fulfillmentSpeed":[],"fulfillmentType":"STORE","id":"3D9PFHDCF84O","usItemId":"290428738","image":"https://i5.walmartimages.com/asr/8fd86103-4fb9-42b5-b2a7-9603327dbe5e.4cb98c19bf39de7dc5dc65e7bcf0241e.jpeg?odnHeight=180\u0026odnWidth=180\u0026odnBg=ffffff","isOutOfStock":false,"esrb":"","mediaRating":"","name":"Daiya Meatless Bac'n and Cheddar Style Deluxe Cheezy Mac - Dairy Free Gluten Free Vegan Mac and Cheese - 10.9 oz","price":3.97,"preOrder":{"isPreOrder":false,"preOrderMessage":null,"preOrderStreetDateMessage":null},"priceInfo":{"itemPrice":"","linePrice":"$3.97","wasPrice":"","unitPrice":"","shipPrice":"","minPriceForVariant":"","subscriptionPrice":"","subscriptionString":"","priceDisplayCondition":"","finalCostByWeight":false,"submapType":""},"rating":{"averageRating":0,"numberOfReviews":0},"salesUnit":"EACH","variantList":[],"isVariantTypeSwatch":false,"brand":null,"manufacturerName":null,"offerId":"7FFD6D61200648EF95BC00BE3102C24C","fitmentLabel":"","isAtfMarker":false,"sellerId":"F55CDC31AB754BB68FE0B39041159D63","sellerName":"Walmart.com","hasSellerBadge":null,"seller":{"name":"Walmart.com","sellerId":"F55CDC31AB754BB68FE0B39041159D63"},"sponsoredProduct":null},{"__typename":"Product","availabilityStatusDisplayValue":"In stock","productLocationDisplayValue":"A5","externalInfoUrl":"","canonicalUrl":"/ip/Salisbury-Steak/19758173?fulfillmentIntent=In-store","canAddToCart":true,"showOptions":false,"description":"\u003cli\u003eSalisbury steak in savory gravy with mac \u0026 cheese\u003c/li\u003e\u003cli\u003e24g of protein\u003c/li\u003e\u003cli\u003eHome style meal for your table\u003c/li\u003e","flag":"","fulfillmentBadges":["Pickup","Delivery"],"fulfillmentIcon":{"key":"SAVE_WITH_W_PLUS","label":"Save with"},"fulfillmentBadge":"","fulfillmentSpeed":[],"fulfillmentType":"STORE","id":"3EBTNJQ5Z3PW","usItemId":"19758173","image":"https://i5.walmartimages.com/asr/37a98c57-a27b-4609-97ca-74a9d778fead.976e8cb919fbef6602d7752271b4486f.jpeg?odnHeight=180\u0026odnWidth=180\u0026odnBg=ffffff","isOutOfStock":false,"esrb":"","mediaRating":"","name":"Salisbury Steak","price":2.52,"preOrder":{"isPreOrder":false,"preOrderMessage":null,"preOrderStreetDateMessage":null},"priceInfo":{"itemPrice":"","linePrice":"$2.52","wasPrice":"","unitPrice":"17.4 ¢/oz","shipPrice":"","minPriceForVariant":"","subscriptionPrice":"","subscriptionString":"","priceDisplayCondition":"","finalCostByWeight":false,"submapType":""},"rating":{"averageRating":0,"numberOfReviews":0},"salesUnit":"EACH","variantList":[],"isVariantTypeSwatch":false,"brand":null,"manufacturerName":null,"offerId":"876843DE55B6467BB9732A3F49DFC768","fitmentLabel":"","isAtfMarker":false,"sellerId":"F55CDC31AB754BB68FE0B39041159D63","sellerName":"Walmart.com","hasSellerBadge":null,"seller":{"name":"Walmart.com","sellerId":"F55CDC31AB754BB68FE0B39041159D63"},"sponsoredProduct":null},{"__typename":"Product","availabilityStatusDisplayValue":"Out of stock","productLocationDisplayValue":"A5","externalInfoUrl":"","canonicalUrl":"/ip/Kraft-First-Adventures-Italian-Inspired-Macaroni-Cheese-Frozen-Dinner-with-Chicken-Beef-Meatballs-Marinara-Sauce-Green-Beans-8-5-oz-Box/828302900?fulfillmentIntent=In-store","canAddToCart":false,"showOptions":false,"description":"\u003cli\u003eKraft\u003c/li\u003e","flag":"","fulfillmentBadges":[],"fulfillmentBadge":"","fulfillmentSpeed":[],"fulfillmentType":"STORE","id":"5PM621FE1RRT","usItemId":"828302900","image":"https://i5.walmartimages.com/asr/0f123b60-106f-4706-8758-42505fcbc945.adfc7df8d993bf6631fe75a38c9b52a1.jpeg?odnHeight=180\u0026odnWidth=180\u0026odnBg=ffffff","isOutOfStock":true,"esrb":"","mediaRating":"","name":"Kraft First Adventures Italian Inspired Macaroni \u0026 Cheese Frozen Dinner with Chicken \u0026 Beef Meatballs, Marinara Sauce \u0026 Green Beans, 8.5 oz Box","price":2.78,"preOrder":{"isPreOrder":false,"preOrderMessage":null,"preOrderStreetDateMessage":null},"priceInfo":{"itemPrice":"","linePrice":"$2.78","wasPrice":"","unitPrice":"32.7 ¢/oz","shipPrice":"","minPriceForVariant":"","subscriptionPrice":"","subscriptionString":"","priceDisplayCondition":"","finalCostByWeight":false,"submapType":""},"rating":{"averageRating":0,"numberOfReviews":0},"salesUnit":"EACH","variantList":[],"isVariantTypeSwatch":false,"brand":null,"manufacturerName":null,"offerId":"63378EACB1CD41EAAEB76CD1ED524193","fitmentLabel":"","isAtfMarker":false,"sellerId":"F55CDC31AB754BB68FE0B39041159D63","sellerName":"Walmart.com","hasSellerBadge":null,"seller":{"name":"Walmart.com","sellerId":"F55CDC31AB754BB68FE0B39041159D63"},"sponsoredProduct":null},{"__typename":"Product","availabilityStatusDisplayValue":"Out of stock","productLocationDisplayValue":"A16","externalInfoUrl":"","canonicalUrl":"/ip/Kraft-Triple-Cheese-Macaroni-Cheese-Easy-Microwavable-Dinner-2-05-oz-Cup/10295356?fulfillmentIntent=In-store","canAddToCart":false,"showOptions":false,"description":"\u003cli\u003eeasy macaroni and cheese\u003c/li\u003e","flag":"","fulfillmentBadges":[],"fulfillmentBadge":"","fulfillmentSpeed":[],"fulfillmentType":"STORE","id":"66YVBEAN2PNL","usItemId":"10295356","image":"https://i5.walmartimages.com/asr/7bc33944-2c0d-48a5-85f1-ca680de109c8.db6692d4f3f22980451816e65c531923.jpeg?odnHeight=180\u0026odnWidth=180\u0026odnBg=ffffff","isOutOfStock":true,"esrb":"","mediaRating":"","name":"Kraft Triple Cheese Macaroni \u0026 Cheese Easy Microwavable Dinner, 2.05 oz Cup","price":1.32,"preOrder":{"isPreOrder":false,"preOrderMessage":null,"preOrderStreetDateMessage":null},"priceInfo":{"itemPrice":"","linePrice":"$1.32","wasPrice":"","unitPrice":"64.4 ¢/oz","shipPrice":"","minPriceForVariant":"","subscriptionPrice":"","subscriptionString":"","priceDisplayCondition":"","finalCostByWeight":false,"submapType":""},"rating":{"averageRating":0,"numberOfReviews":0},"salesUnit":"EACH","variantList":[],"isVariantTypeSwatch":false,"brand":null,"manufacturerName":null,"offerId":"7A307605536F497ABE221207DE10B54C","fitmentLabel":"","isAtfMarker":false,"sellerId":"F55CDC31AB754BB68FE0B39041159D63","sellerName":"Walmart.com","hasSellerBadge":null,"seller":{"name":"Walmart.com","sellerId":"F55CDC31AB754BB68FE0B39041159D63"},"sponsoredProduct":null}],"layoutEnum":"GRID"}],"pageMetadata":{"title":"mac and cheese","canonical":null,"description":null,"location":{"addressId":""}},"paginationV2":{"maxPage":5,"pageProperties":{"ps":"40","spelling":"true","stores":"999","grid":"true","query":"mac and cheese","cat_id":"0","page":"3","sort":"best_match","facet":"fulfillment_method:In-store","displayGuidedNav":true,"affinityOverride":"store_led"}},"spelling":{"correctedTerm":null},"requestContext":{"isFitmentFilterQueryApplied":false,"searchMatchType":"{\"dept\":\"/976759/976794/5614446/6189969\",\"g\":\"S\",\"s\":\"b\",\"trf\":\"ht\",\"p\":2,\"as\":\"a|0|0\",\"qcr\":\"ht\",\"eo\":\"N\",\"id\":\"AooOBcV-7uXBu6x1ePeZc0JQomBwo_mIBCSL\",\"css\":\"0|0|0|0\",\"cs\":false,\"ppABTest\":true}","categories":null},"errorResponse":{"correlationId":"lEDtbjWSFYkrO08KIkhPDrvAlz5c6eY8FSCO","source":"sis","errors":[]},"modules":null,"count":41,"gridItemsCount":41,"catInfo":{"catId":"/976759/976794/5614446/6189969","name":""}},"pageMetadata":{"location":{"postalCode":"78242","stateOrProvinceCode":"TX","city":"San Antonio","storeId":"999"},"pageContext":{"searchNormalize":{"normalized_query":"macaroni and cheese","original_query":"mac and cheese","rewritten_query":"macaroni and cheese","specificity":"broad","top_query_cat_path":"/976759/976794/5614446/6189969","top_query_cat_path_name":"/Food/Pantry/Boxed Meals \u0026 Side Dishes/Macaroni \u0026 Cheese","analytics_log":{"fe_log":{"dept":"/976759/976794/5614446/6189969","g":"S","s":"b","trf":"ht"}}}}}},"initialSearchQueryVariables":{"id":"","affinityOverride":"store_led","dealsId":"","query":"mac and cheese","page":3,"prg":"desktop","catId":"","facet":"fulfillment_method:In-store","sort":"best_match","rawFacet":"","seoPath":"","ps":40,"ptss":"","trsp":"","beShelfId":"","recall_set":"","module_search":"","min_price":"","max_price":"","storeSlotBooked":"","additionalQueryParams":null,"fitmentFieldParams":null,"fitmentSearchParams":{"id":"","affinityOverride":"store_led","dealsId":"","query":"mac and cheese","page":3,"prg":"desktop","catId":"","facet":"fulfillment_method:In-store","sort":"best_match","rawFacet":"","seoPath":"","ps":40,"ptss":"","trsp":"","beShelfId":"","recall_set":"","module_search":"","min_price":"","max_price":"","storeSlotBooked":"","additionalQueryParams":null,"cat_id":"","_be_shelf_id":""},"fetchMarquee":true,"fetchSkyline":true,"fetchSbaTop":true},"psych":{"isMobile":false,"isBot":false},"isomorphicSessionId":"AYbAOJl-c9_KCWmAZV6-9","trace":{"traceId":"00000000000000000000000000000000","spanId":"0000000000000000","traceFlags":0},"isCaching":false,"queryContextCacheId":5385,"bootstrapData":{"account":{"data":{"account":null}},"cart":null,"header":{"data":{"contentLayout":{"modules":[{"name":"Console GlobalAlertBar Module","type":"GlobalAlertBar","matchedTrigger":{"zone":"alertBar"},"configs":{"athenaEnabled":"False","alertBar":{"iconName":null,"text":"Console event to be rescheduled.","link":{"linkText":"Visit home","title":"Visit home","clickThrough":{"value":"/"},"uid":"bjP9kr_i"}}}}],"layouts":[]}},"headers":{}},"footer":{"data":{"location":{"status":true,"postalCode":"78242","nodeId":"999","errors":[],"shippingAddress":{"addressId":null,"addressLineOne":null,"addressLineTwo":null,"city":"San Antonio","stateOrProvinceCode":"TX","postalCode":"78242"},"pickupNode":{"nodeId":"999","displayName":"San Antonio Supercenter","addressLineOne":"7239 Sw Loop 410","city":"San Antonio","stateOrProvinceCode":"TX","postalCode":"78242"}},"contentLayout":{"modules":[{"name":"GlobalFooterLinks Module,","type":"GlobalFooterLinks","matchedTrigger":{"zone":"footerZone1"},"configs":{"subLinks":[{"link":{"linkText":"Privacy \u0026 Security","title":"Privacy \u0026 Security","clickThrough":{"type":"url","value":"https://corporate.walmart.com/privacy-security","rawValue":"https://corporate.walmart.com/privacy-security"},"uid":"v8SRLDKw"},"isSFLink":"False","openInNewTab":"True"},{"link":{"linkText":"CA Privacy Rights","title":"CA Privacy Rights","clickThrough":{"type":"url","value":"https://corporate.walmart.com/privacy-security/california-privacy-rights","rawValue":"https://corporate.walmart.com/privacy-security/california-privacy-rights"},"uid":"9Ni6sNcm"},"isSFLink":"True","openInNewTab":"True"},{"link":{"linkText":"Do Not Sell My Personal Information","title":"Do Not Sell My Personal Information","clickThrough":{"type":"url","value":"https://www.walmart.com/account/api/ccpa-intake?native=false\u0026app=gm\u0026type=sod","rawValue":"https://www.walmart.com/account/api/ccpa-intake?native=false\u0026app=gm\u0026type=sod"},"uid":"1EAiCJOO"},"isSFLink":"True","openInNewTab":"True"},{"link":{"linkText":"Request My Personal Information","title":"Request My Personal Information","clickThrough":{"type":"url","value":"https://www.walmart.com/account/api/ccpa-intake?native=false\u0026app=gm\u0026type=access","rawValue":"https://www.walmart.com/account/api/ccpa-intake?native=false\u0026app=gm\u0026type=access"},"uid":"vNAKHfwt"},"isSFLink":"True","openInNewTab":"True"},{"link":{"linkText":"Help","title":"Help","clickThrough":{"type":"url","value":"/help","rawValue":"/help"},"uid":"3Owhn3cK"},"isSFLink":"False","openInNewTab":"False"},{"link":{"linkText":"Terms of Use","title":"Terms of Use","clickThrough":{"type":"url","value":"/help/article/walmart-com-terms-of-use/3b75080af40340d6bbd596f116fae5a0","rawValue":"/help/article/walmart-com-terms-of-use/3b75080af40340d6bbd596f116fae5a0"},"uid":"0zMqEcVI"},"isSFLink":"False","openInNewTab":"False"},{"link":{"linkText":"All Departments","title":"All Departments","clickThrough":{"type":"url","value":"/all-departments","rawValue":"/all-departments"},"uid":"zuC8vwt4"},"isSFLink":"False","openInNewTab":"False"},{"link":{"linkText":"Store Directory","title":"Store Directory","clickThrough":{"type":"url","value":"/store/directory","rawValue":"/store/directory"},"uid":"H35X2opY"},"isSFLink":"False","openInNewTab":"False"}]}}],"layouts":[]}},"headers":{}},"cv":{"account":{"_all_":{"vuduLibraryUrl":"https://video.walmart.com/content/account/purchasehistory","registriesUrl":"/my-registries","enableGoogleAutoComplete":true,"enableMyItemsMenu":true,"enablePostalCodeMessage":false,"enableLocationAutoComplete":true,"eBookUrl":"https://www.walmart.com/account/redirect/kobo?page=library","enableAccountWallet":true,"isInHomeEnabled":true,"enableAccountMWeb":true,"walmartPlusUrl":"https://www.walmart.com/grocery/account/plus/overview","enablePostalCodeOnly":false,"listsUrl":"/lists","placeholder":1,"enableWalmartPlus":true,"itemSubscriptionUrl":"https://www.walmart.com/m/deals/subscriptions/manage","communicationAndPrivacyUrl":"/account/communications-and-privacy","enableWalmartPlusPreference":true,"walmartAssociateUrl":"https://www.walmart.com/account/associate-discount","pharmacyUrl":"https://www.walmart.com/pharmacy/dashboard","enableFeatureCommsAndPrivacy":true,"protectionPlanUrl":"/protection-plans","reorderUrl":"https://www.walmart.com/my-items","enableAvsOverride":true,"shouldUpdateCartAfterUpdateZipcode":true,"isFCShippingEnabled":true,"enableItemSubscription":true,"enableInHomeAddress":true}},"cart":{"_all_":{"enableOmniPromise":true,"enableWirelessPostpaid":true,"enableCapOne":true,"enableItemUpdates":true,"sflCountPerPagination":20,"enableFulfillmentHeadersV2":true,"enableWalmartPlusIntegratedSignUp":false,"enablePartialCheckout":true,"enableItemSwitchableBadge":true,"enableInHomeDelivery":true,"enableLastCall":true,"enableOOSHotFix":true,"enableATCOptimization":true,"enablePAC":true,"enableGXOSignInNudge":true,"enableSigninBenefits":true,"enableCapOneRewards":true,"enableWplusFulfillmentBanner":true,"enableGuestCheckout":true,"enablePartialSwitchModuleLevel":true,"enableCallouts":true,"initialSFLCount":10,"enableAffirm":true,"enableItemNotSwitchableBadge":true,"enableEbt":true,"enableWplus":true,"enableSFL":true,"enableCXOPrefetch":true,"enableItemSwitchableTempBadge":false,"enableCarePlansAndHomeServices":true,"enableRegistry":true,"enableStoreSnackBarMessage":false,"enableShippingIntent":true}},"bookslot":{"_all_":{"enableStoreHours":true,"hideStoreChooserDefaultAlert":true,"enableWirelessPostpaid":true,"walmartPlusFreeDelivery":true,"tempoCacheExpirationInSeconds":300,"enableWalmartPlusIntegratedSignUp":true,"hidePickupSlotPrice":true,"alcoholRestrictedSlotsFilterEnable":true,"enableBlockRegistrantAddressDelivery":true,"enableFulfillmentIntent":true,"enableInHomeSlotsQueryHeader":true,"mergeSlotsEnable":true,"enablePickupOnShippingIntent":true,"enableWalmartPlus":true,"nodeSelectableOnlineEnable":true}},"header":{"_all_":{"isAlertBarEnabled":false,"calloutViewsPerIdPerBSTC":1,"calloutViewsPerIdPerVTC":2,"maxCalloutsPerBSTC":4,"showOptOut":true,"calloutsEnabled":true,"showAddressLineOne":true}},"pulse":{"_all_":{"alwaysAllowedTagList":"","logLevel":"info","enableV1Schema":true,"enableQuantumMetric":true}},"footer":{"_all_":{"enableXOFeedback":true,"hideGiveFeedbackSection":true}},"shared":{"_all_":{"legacySiteNGRedirectEnabled":false,"legacySiteInhomeRedirectEnabled":false,"helpLinkReturnRefunds":"https://www.walmart.com/help/channel/returns-and-refunds/5a33a1f61af8479e9d1bd8b727e9e761","legacySiteDirectspendingRedirectEnabled":false,"legacySiteEbtRedirectEnabled":false,"enableWaitingHallway":true,"disableGetCartSSR":true,"helpLinkStorePurchase":"https://www.walmart.com/help/article/view-store-purchases/f56a1afbf3b5428bb69f0124daa49108","beaconWithQuantumMetrics":true,"helpLinkMobileAlertsTerms":"https://www.walmart.com/help/article/mobile-alerts-terms-of-use/499122d9bba94d08b50e8facf42fcc82","bookSlotPersistentFilterEnable":false,"helpLinkMPReturnPolicy":"https://www.walmart.com/help/article/walmart-marketplace-return-policy/63c3566a9d3546858582acae2fbfdb7e","helpLinkTermsOfUse":"https://www.walmart.com/help/article/walmart-com-terms-of-use/3b75080af40340d6bbd596f116fae5a0"}},"ads":{"_all_":{"spMq2Measure3PEnable":true,"adResponseBeaconEnable":true,"spMq2Measure1PEnable":true,"ipMq1RenderEnable":true,"ipSkReqEnable":true,"bpMq2Measure1PEnable":true,"measure3PImpEnable":true,"cacheBusterTimeDiffMs":180000,"bpSkReqEnable":true,"bpMq2ReqEnable":true,"spMq1RenderEnable":true,"bpSkMeasure1PEnable":true,"bpSkMeasure3PEnable":true,"spMq2RenderEnable":true,"ipSpc2Measure1PEnable":true,"hpMq1Measure1PEnable":true,"hpMq1Measure3PEnable":true,"spSkRenderEnable":true,"bpSpc1ReqEnable":true,"bpMq1ReqEnable":true,"displayAddlInfo":false,"displayCheckIp":false,"bpMq1RenderEnable":true,"hpMq2RenderEnable":true,"moatIvt":"https://www.walmart.com/swag/v2/ip-rd","bpMq2RenderEnable":true,"hpMq1RenderEnable":true,"ipSpc2ReqEnable":true,"spSkMeasure1PEnable":true,"displaySbaLogospQs":false,"spSkMeasure3PEnable":true,"bpSpc1Measure1PEnable":true,"spMq1Measure1PEnable":true,"hpP3NMeasure1PEnable":true,"ipSkMeasure1PEnable":true,"spMq1Measure3PEnable":true,"bpMq1Measure1PEnable":true,"ipSpc1ReqEnable":true,"spMq2ReqEnable":true,"bpSkRenderEnable":true,"ipMq1Measure3PEnable":true,"ipMq1Measure1PEnable":true,"spSkReqEnable":true,"displayPreviousRenderCheck":false,"safeframeURL":"https://i5.walmartimages.com/dfw/63fd9f59-d6ba/07b8ea82-184c-4ea3-8ac0-5dc1981e40c8/v33/safeframe.html","hpMq1ReqEnable":true,"bpMq1Measure3PEnable":true,"ipSpc1Measure1PEnable":true,"bpBigMeasure1PEnable":true,"ipSkMeasure3PEnable":true,"ipMq1ReqEnable":true,"ipMq2Measure1PEnable":true,"ipMq2Measure3PEnable":true,"hpMq2Measure3PEnable":true,"hpMq2Measure1PEnable":true,"spMq1ReqEnable":true,"spSpc1ReqEnable":true,"ipP3NMeasure1PEnable":true,"bpMq2Measure3PEnable":true,"blockInternal":true,"ipSkRenderEnable":true,"hpMq2ReqEnable":true,"ipMq2ReqEnable":true,"spSpc1Measure1PEnable":true,"ipMq2RenderEnable":true}},"search":{"_all_":{"enableExternalInfoUrl":true,"fetchItemsV2Enable":true,"fitmentModulesEnable":true,"bannerModulesEnable":true,"searchPersistentFilterEnable":false,"enableFulfillmentMethodDemo":true,"clientFetchTimeoutMs":15000,"fetchTimeoutMs":7000,"bookSlotPersistentFilterEnable":false,"postProcessedQueryEnable":true,"imageSizeEnum":"3","seoModulesEnable":true,"partialRenderEnable":true}}}},"enableGqlCsrRedirect":true,"nonce":"W-eHcQ_x55acvK3m"}},"page":"/search","query":{"q":"mac and cheese","facet":"fulfillment_method:In-store","affinityOverride":"store_led","page":"3"},"buildId":"production_20211006T193458787Z","assetPrefix":"https://i5.walmartimages.com/dfw/63fd9f59-7f10/f39d4daf-be64-4c7a-b470-b7275856c4da/v2","runtimeConfig":{"appVersion":"main-110-79cb6e","appSha":"79cb6ee2d0ac37eb0a9a8100e45f28acfeeaf177","profile":"production","tmxOrgId":"hgy2n0ks","dataCenter":"eus2","tenant":"WM_GLASS","queryContext":{"appVersion":"main-110-79cb6e","isPerimeterXTest":false,"gql":{"endpointsByName":{"cecxo":"/orchestra/cartxo/graphql","cecph":"/orchestra/cph/graphql","ceorders":"/orchestra/orders/graphql","cegateway":"/orchestra/home/graphql"}},"rest":{"endpointsByName":{"ceaccount":"/orchestra/api/account","ceidentity":"/orchestra/account/electrode/api/identity","cereturns":"/orchestra/api/returns","cehelp":"/orchestra/help/api","typeahead":"/typeahead/v3/complete","espvalidation":"/esp/prepaid/v1/plans","warppaymentoptions":"/orchestra/api/online/variantbasic/item","ceccm":"/orchestra/api/ccm/v1/bootstrap","cewireless":"/orchestra/api/wireless","cewarp":"/orchestra/api/warp"}}},"isDev":false,"enableLatencyTrace":true,"enablePersistedQueries":false,"mockURL":"http://mock-backend.dev.walmart.com/","mock":true,"moatIvt":"https://i5.walmartimages.com/dfw/4ff9c6c9-2dd1/k2-_8b2f2d93-4e1f-454a-95b1-a9b26af853b2.v1.js","endpointMappings":{"operations":{"query configuration":"cegateway","query ContentPage":"cegateway","query checkItemCartEligibility":"cecxo","mutation MergeAndGetCart":"cecxo","query getGuestOrder":"cegateway","query PurchaseHistory":"cecph","mutation NotifyCapOneBannerSnooze":"cegateway","mutation CancelOrder":"cecph","query LastCallPage":"cegateway","query GetCommPreference":"cegateway","query PurchasedProtectionPlans":"cecph","query ProtectionPlanDetail":"cecph"},"queryStrings":{"step=cart":"cecxo","step=bookslot":"cecxo","entitytype=*":"ceorders","state=*":"ceorders","source=*":"ceorders"},"pages":{"*":"cegateway","/":"cegateway","/404":"cegateway","/account/*":"cegateway","/all-departments":"cegateway","/browse/*":"cegateway","/c/[...seo]":"cegateway","/ci-control":"cegateway","/cp/[...categoryParams]":"cegateway","/content/[...categoryParams]":"cegateway","/help/*":"cegateway","/ip/[...itemParams]":"cegateway","/lists/*":"cegateway","/my-items":"cegateway","/my-registries":"cegateway","/shop/*":"cegateway","/shop/[...seo]":"cegateway","/nonprofits/*":"cegateway","/orders/*":"ceorders","/partner/plus/[promoId]/*":"cegateway","/plus/*":"cegateway","/product/[...itemParams]":"cegateway","/registry/*":"cegateway","/reviews/*":"cegateway","/search/*":"cegateway","/seller/*":"cegateway","/services":"cegateway","/thankyou":"cecxo","/topic/[...seo]":"cegateway","/tp/*":"cegateway","/update-payment-method-form":"cegateway","/update-payment-method":"cegateway","/wallet/associate-discount":"cegateway"}},"googleMaps":{"checkAddressAPIKey":"AIzaSyCX5gh3yoq4316wUDxRpljFOwWA6_-BEMg","addressAPIKey":"AIzaSyBIAnB1a3UejjFVRNtszhaEE8yrKySRTEo","geoCodingAPIKey":"AIzaSyBvv63fBVZ1RtNJLGkN9XCFE1WfVl0o1HY"},"perimeterX":{"enable":true,"initScript":"https://www.walmart.com/px/PXu6b0qd2S/init.js"},"pulseBeacon":{"enable":true,"hostname":"i5.walmartimages.com","bd":"beacon.walmart.com","bh":"beacon.lightestwithqm.walmart.com","hostWithQM":"beacon.lightestwithqm.walmart.com","hostWithoutQM":"beacon.lightest.walmart.com"},"threatMetrix":{"enable":true},"paymentsPageUrl":"https://wallet.walmart.com/payments?wv=main"},"isFallback":false,"dynamicIds":[20114,51923,20513,18350,71484,7965,69467,86107],"customServer":true,"gip":true,"appGip":true,"locale":"en","locales":["en"],"defaultLocale":"en","scriptLoader":[]}</script><script src="//i5.walmartimages.com/a14/cdn-doms-usgm.js" nonce="W-eHcQ_x55acvK3m"></script><script async="async" defer="defer" src="//i5.walmartimages.com/a14/cdn-perf.min.js" nonce="W-eHcQ_x55acvK3m"></script><script nonce="W-eHcQ_x55acvK3m">window.SW_DOMAIN = "walmart.com"</script><script nonce="W-eHcQ_x55acvK3m">(function(e){var t=e.document;BOOMR=e.BOOMR||{};BOOMR.plugins=BOOMR.plugins||{};var n={localStorageTestKey:"TorbitLSTest",pageTags:[],pageConversions:[],initHasRun:false};BOOMR.plugins.pageMeta={init:function(r){initHasRun=true;try{localStorage.setItem(n.localStorageTestKey,n.localStorageTestKey);localStorage.removeItem(n.localStorageTestKey);BOOMR.addVar("ls",1)}catch(i){BOOMR.addVar("ls",0)}if(e.location.protocol=="https:")BOOMR.addVar("prt",1);else BOOMR.addVar("prt",0);BOOMR.addVar("ref",t.referrer);if(e.performance&&e.performance.memory){for(m_name in e.performance.memory){if(e.performance.memory.hasOwnProperty(m_name)){BOOMR.addVar(m_name,e.performance.memory[m_name])}}}BOOMR.addVar("wH",e.innerHeight||t.body.clientHeight||t.documentElement.clientHeight);BOOMR.addVar("tags",n.pageTags.join("|"));return this},addTag:function(e){n.pageTags.push(e);if(!n.initHasRun){return}BOOMR.addVar("tags",n.pageTags.join("|"))},addConversion:function(e,t){var r=e;if(t&&(t>0||t.length>0))r=e+"="+t;n.pageConversions.push(r);BOOMR.addVar("conversion",n.pageConversions.join("|"))},is_complete:function(){return true}}})(window);(function(e){try{e._tbq=e._tbq||[];_tbq.push=function(e){if(e.length<1||!e[0])return;switch(e[0]){case"tag":if(e.length<2)return;BOOMR.plugins.pageMeta.addTag(e[1]);break;case"startTimer":if(e.length<2)return;BOOMR.plugins.customEvents.startTimer(e[1]);break;case"endTimer":if(e.length<2)return;BOOMR.plugins.customEvents.endTimer(e[1]);break}};for(i in _tbq){if(_tbq.hasOwnProperty(i)&&i!="push"){_tbq.push(_tbq[i]);delete _tbq[i]}}}catch(t){}})(window);</script><script nonce="W-eHcQ_x55acvK3m">    window.globalPluginDefinitions = window.globalPluginDefinitions || [];
  </script><script nonce="W-eHcQ_x55acvK3m">    window.globalWorkerMessages = window.globalWorkerMessages || [];
  </script><script nonce="W-eHcQ_x55acvK3m">    window.globalPluginDefinitions.push('https://www.walmart.com/sw-plugins/eperf-optimized-assets-original-url.8b53f51b.js');
  </script><script nonce="W-eHcQ_x55acvK3m">    window.globalWorkerMessages.push({
      command: 'SET_PLUGIN_FILTER',
      data: {
        name: 'eperf-optimized-assets-original-url',
        filter: {
      type: "url-host",
      value: "i5.walmartimages.com"
    }      }
    });
  </script><script nonce="W-eHcQ_x55acvK3m">    window.globalWorkerMessages.push({
      command: 'SET_PLUGIN_STATE',
      data:{
        name:'eperf-optimized-assets-original-url',
        state:'ENABLED'
      }
    });
  </script><script nonce="W-eHcQ_x55acvK3m">window.globalPluginDefinitions = window.globalPluginDefinitions || [];window.globalWorkerMessages = window.globalWorkerMessages || [];window.globalPluginDefinitions.push('https://www.walmart.com/sw-plugins/eperf-optimized-assets-metric.6524ad95.js');window.globalWorkerMessages.push({command: 'SET_PLUGIN_FILTER',data: {name: 'eperf-optimized-assets-metric',filter: {type: "and",value: [{type: "or",value: ["i5.walmartimages.com", "i5.wal.co"].map(function(host) {return { type: "url-host", value: host };})},{ type: "sample", value: 0.01 }]}}});window.globalWorkerMessages.push({command: 'SET_PLUGIN_STATE',data:{name:'eperf-optimized-assets-metric',state:'ENABLED',filter: undefined}});window.globalPluginDefinitions.push('https://www.walmart.com/sw-plugins/eperf-optimization-metrics.a586fd7d.js');window.globalWorkerMessages.push({command: 'SET_PLUGIN_FILTER',data: {name: 'eperf-optimization-metrics',filter: {type: "and",value: [{ type: "url-host", value: "i5.walmartimages.com" },{ type: "sample", value: 0.01 }]}}});window.globalWorkerMessages.push({command: 'SET_PLUGIN_STATE',data:{name:'eperf-optimization-metrics',state:'ENABLED',filter: undefined}});window.globalPluginDefinitions.push('https://www.walmart.com/sw-plugins/ecdn-cdn-perf.6524ad95.js');window.globalWorkerMessages.push({command: 'SET_PLUGIN_FILTER',data: {name: 'ecdn-cdn-perf',filter: {type: "and",value: [{ type: "url-host", value: "i5.walmartimages.com" },{ type: "sample", value: 0.01 }]}}});window.globalWorkerMessages.push({command: 'SET_PLUGIN_STATE',data:{name:'ecdn-cdn-perf',state:'ENABLED',filter: undefined}});window.globalPluginDefinitions.push('https://www.walmart.com/sw-plugins/ecdn-cache-status.fe7aa234.js');window.globalWorkerMessages.push({command: 'SET_PLUGIN_FILTER',data: {name: 'ecdn-cache-status',filter: {type: "and",value: [{ type: "url-host", value: "i5.walmartimages.com" },{ type: "sample", value: 0.01 }]}}});window.globalWorkerMessages.push({command: 'SET_PLUGIN_STATE',data:{name:'ecdn-cache-status',state:'ENABLED',filter: undefined}});window.globalPluginDefinitions.push('https://www.walmart.com/sw-plugins/grocery-pwa.5725d7c8.js');window.globalWorkerMessages.push({command: 'SET_PLUGIN_STATE',data:{name:'grocery-pwa',state:'ENABLED',filter: {type: "url-path",value: new RegExp("^/grocery")}}});</script><script nonce="W-eHcQ_x55acvK3m">window.globalPluginDefinitions.push('https://www.walmart.com/sw-plugins/latency-tracker.ff42f3d6.js');window.globalWorkerMessages.push({command: 'SET_PLUGIN_FILTER',data: {name: 'latency-tracker',filter: {type: "and",value: [{ type: "url-host", value: "www.walmart.com" },{type: "or",value: [{type: "and",value: [{ type: "method", value: "GET" },{ type: "sample", value: 0.05 }]},{type: "and",value: [{ type: "method", value: "POST" },{ type: "url-path", value: new RegExp("^/orchestra") }]}]}]}}});window.globalWorkerMessages.push({command: 'SET_PLUGIN_STATE',data:{name:'latency-tracker',state:'ENABLED',filter: undefined}});</script><script nonce="W-eHcQ_x55acvK3m">window.globalWorkerMessages = window.globalWorkerMessages || [];var patch = {environment: "prod",publish_sampling_rate: 0.01,navigation_preload: "enabled",status_check_url: "https://t3.wal.co/sw/status",status_check_interval_ms: 300000,min_required_memory_gb: 8};window.SERVICE_WORKER_CONFIGURATION = !!window.SERVICE_WORKER_CONFIGURATION? Object.assign(window.SERVICE_WORKER_CONFIGURATION, patch): patch;window.globalWorkerMessages.push({command: 'SET_GLOBAL_FILTER',data: {filter: {type: "or",value: [{ type: "url-host", value: "i5.walmartimages.com" },{ type: "url-host", value: "i5.wal.co" },{ type: "url-host", value: "www.walmart.com" },{type: "and",value: [{ type: "referrer-path", value: new RegExp("^/grocery") },{ type: "url-path", value: new RegExp("^/grocery") }]}]}}});</script><script async="async" defer="defer" src="/sw-register.js" nonce="W-eHcQ_x55acvK3m"></script><script nonce="W-eHcQ_x55acvK3m">window._pxAppId = 'PXu6b0qd2S'</script><script async="async" defer="defer" src="/px/PXu6b0qd2S/init.js" nonce="W-eHcQ_x55acvK3m"></script></body></html>