<!DOCTYPE html><html lang="en"><head nonce="UJ1pMmx1_J92o0WA"><link href="//dis.criteo.com" rel="dns-prefetch"/><link href="//ib.adnxs.com" rel="dns-prefetch"/><link href="//secure-assets.rubiconproject.com" rel="dns-prefetch"/><link href="//beam.hlserve.com" rel="dns-prefetch"/><link href="//pubads.g.doubleclick.net" rel="dns-prefetch"/><link href="//omniture-ssl.walmart.com" rel="dns-prefetch"/><link href="//omniture.walmart.com" rel="dns-prefetch"/><link href="//p.typekit.net" rel="dns-prefetch"/><link href="//pagead2.googlesyndication.com" rel="dns-prefetch"/><link href="//partner.googleadservices.com" rel="dns-prefetch"/><link href="//tpc.googlesyndication.com" rel="dns-prefetch"/><link href="//beacon.walmart.com" rel="dns-prefetch"/><link href="//b.wal.co" rel="dns-prefetch"/><link href="//i5.walmartimages.com" rel="dns-prefetch"/><meta name="viewport" content="width=device-width"/><meta charset="utf-8"/><meta property="fb:app_id" content="105223049547814"/><link rel="preload" crossorigin="anonymous" href="https://i5.walmartimages.com/dfw/63fd9f59-a78c/fcfae9b6-2f69-4f89-beed-f0eeb4237946/v1/BogleWeb_subset-Bold.woff2" as="font" type="font/woff2"/><link rel="preload" crossorigin="anonymous" href="https://i5.walmartimages.com/dfw/63fd9f59-a78c/fcfae9b6-2f69-4f89-beed-f0eeb4237946/v1/BogleWeb_subset-Regular.woff2" as="font" type="font/woff2"/><script defer="" src="https://www.walmart.com/px/PXu6b0qd2S/init.js" nonce="UJ1pMmx1_J92o0WA"></script><script nonce="UJ1pMmx1_J92o0WA">var _bcq = _bcq || [];_bcq.push(['_setOptions', { start_time: (new Date()).getTime(), bd: 'beacon.walmart.com', bh: 'beacon.lightestwithqm.walmart.com', sv: '1.0.59' }]);</script><script async="" nonce="UJ1pMmx1_J92o0WA" src="//i5.walmartimages.com/beacon/beacon.js?bd=beacon.walmart.com&amp;bh=beacon.lightestwithqm.walmart.com"></script><link rel="preload" as="image" href="//i5.walmartimages.com/dfw/63fd9f59-b3e1/7a569e53-f29a-4c3d-bfaf-6f7a158bfadd/v1/walmartLogo.svg"/><title>pizza - Walmart.com</title><meta property="og:title" content="pizza - Walmart.com"/><meta name="description" property="og:description" content="pizza - Walmart.com"/><meta property="og:image" content="https://i5.walmartimages.com/asr/a1cf9849-3499-49fc-9880-415b0640337d.f1a2a567ac3772945ab0c56f4502830b.jpeg?odnHeight=180&amp;odnWidth=180&amp;odnBg=ffffff"/><meta name="next-head-count" content="13"/><link nonce="UJ1pMmx1_J92o0WA" rel="preload" href="https://i5.walmartimages.com/dfw/63fd9f59-7f10/f39d4daf-be64-4c7a-b470-b7275856c4da/v2/_next/static/css/a6cad371ba458043f84b.css" as="style"/><link nonce="UJ1pMmx1_J92o0WA" rel="stylesheet" href="https://i5.walmartimages.com/dfw/63fd9f59-7f10/f39d4daf-be64-4c7a-b470-b7275856c4da/v2/_next/static/css/a6cad371ba458043f84b.css" data-n-g=""/><noscript data-n-css="UJ1pMmx1_J92o0WA"></noscript><script defer="" nonce="UJ1pMmx1_J92o0WA" nomodule="" src="https://i5.walmartimages.com/dfw/63fd9f59-7f10/f39d4daf-be64-4c7a-b470-b7275856c4da/v2/_next/static/chunks/polyfills-4a4cd472cd681630e092.js"></script><script defer="" src="https://i5.walmartimages.com/dfw/63fd9f59-7f10/f39d4daf-be64-4c7a-b470-b7275856c4da/v2/_next/static/chunks/114.8a9393ce6f514d1111d4.js" nonce="UJ1pMmx1_J92o0WA"></script><script defer="" src="https://i5.walmartimages.com/dfw/63fd9f59-7f10/f39d4daf-be64-4c7a-b470-b7275856c4da/v2/_next/static/chunks/5404.c7311845d9a2d5f4eca4.js" nonce="UJ1pMmx1_J92o0WA"></script><script defer="" src="https://i5.walmartimages.com/dfw/63fd9f59-7f10/f39d4daf-be64-4c7a-b470-b7275856c4da/v2/_next/static/chunks/345.e836dcb95cf580f4c8b6.js" nonce="UJ1pMmx1_J92o0WA"></script><script defer="" src="https://i5.walmartimages.com/dfw/63fd9f59-7f10/f39d4daf-be64-4c7a-b470-b7275856c4da/v2/_next/static/chunks/1923.60c59f27ac123974a5a3.js" nonce="UJ1pMmx1_J92o0WA"></script><script defer="" src="https://i5.walmartimages.com/dfw/63fd9f59-7f10/f39d4daf-be64-4c7a-b470-b7275856c4da/v2/_next/static/chunks/513.e2c279cac08a255e6196.js" nonce="UJ1pMmx1_J92o0WA"></script><script defer="" src="https://i5.walmartimages.com/dfw/63fd9f59-7f10/f39d4daf-be64-4c7a-b470-b7275856c4da/v2/_next/static/chunks/5850.a0d738b891bae7f7a90b.js" nonce="UJ1pMmx1_J92o0WA"></script><script defer="" src="https://i5.walmartimages.com/dfw/63fd9f59-7f10/f39d4daf-be64-4c7a-b470-b7275856c4da/v2/_next/static/chunks/4940.0702e551222c7f7a35eb.js" nonce="UJ1pMmx1_J92o0WA"></script><script defer="" src="https://i5.walmartimages.com/dfw/63fd9f59-7f10/f39d4daf-be64-4c7a-b470-b7275856c4da/v2/_next/static/chunks/8350.a525c7be02eb14119f5a.js" nonce="UJ1pMmx1_J92o0WA"></script><script defer="" src="https://i5.walmartimages.com/dfw/63fd9f59-7f10/f39d4daf-be64-4c7a-b470-b7275856c4da/v2/_next/static/chunks/1484.e3415b8c02e1209834b2.js" nonce="UJ1pMmx1_J92o0WA"></script><script defer="" src="https://i5.walmartimages.com/dfw/63fd9f59-7f10/f39d4daf-be64-4c7a-b470-b7275856c4da/v2/_next/static/chunks/7965.c2687eb683134bd56abb.js" nonce="UJ1pMmx1_J92o0WA"></script><script defer="" src="https://i5.walmartimages.com/dfw/63fd9f59-7f10/f39d4daf-be64-4c7a-b470-b7275856c4da/v2/_next/static/chunks/1903-8c69837eddb17e0f0163.js" nonce="UJ1pMmx1_J92o0WA"></script><script defer="" src="https://i5.walmartimages.com/dfw/63fd9f59-7f10/f39d4daf-be64-4c7a-b470-b7275856c4da/v2/_next/static/chunks/861.4ef8a61d1d5ca854f61c.js" nonce="UJ1pMmx1_J92o0WA"></script><script defer="" src="https://i5.walmartimages.com/dfw/63fd9f59-7f10/f39d4daf-be64-4c7a-b470-b7275856c4da/v2/_next/static/chunks/6107.769f43df21235b30b777.js" nonce="UJ1pMmx1_J92o0WA"></script><script defer="" src="https://i5.walmartimages.com/dfw/63fd9f59-7f10/f39d4daf-be64-4c7a-b470-b7275856c4da/v2/_next/static/chunks/6559.7298e4d28b5bf0d675a0.js" nonce="UJ1pMmx1_J92o0WA"></script><script src="https://i5.walmartimages.com/dfw/63fd9f59-7f10/f39d4daf-be64-4c7a-b470-b7275856c4da/v2/_next/static/chunks/webpack-2546359339992df33c5d.js" nonce="UJ1pMmx1_J92o0WA" defer=""></script><script src="https://i5.walmartimages.com/dfw/63fd9f59-7f10/f39d4daf-be64-4c7a-b470-b7275856c4da/v2/_next/static/chunks/main-d4882edf5cbeb331f61e.js" nonce="UJ1pMmx1_J92o0WA" defer=""></script><script src="https://i5.walmartimages.com/dfw/63fd9f59-7f10/f39d4daf-be64-4c7a-b470-b7275856c4da/v2/_next/static/chunks/pages/_app-f9edd3495969c1e52d37.js" nonce="UJ1pMmx1_J92o0WA" defer=""></script><script src="https://i5.walmartimages.com/dfw/63fd9f59-7f10/f39d4daf-be64-4c7a-b470-b7275856c4da/v2/_next/static/chunks/329-caa8803105e2b7a44bcc.js" nonce="UJ1pMmx1_J92o0WA" defer=""></script><script src="https://i5.walmartimages.com/dfw/63fd9f59-7f10/f39d4daf-be64-4c7a-b470-b7275856c4da/v2/_next/static/chunks/2121-c11ad5a65b46e65e1de7.js" nonce="UJ1pMmx1_J92o0WA" defer=""></script><script src="https://i5.walmartimages.com/dfw/63fd9f59-7f10/f39d4daf-be64-4c7a-b470-b7275856c4da/v2/_next/static/chunks/9315-6acf961cd8745b415fc7.js" nonce="UJ1pMmx1_J92o0WA" defer=""></script><script src="https://i5.walmartimages.com/dfw/63fd9f59-7f10/f39d4daf-be64-4c7a-b470-b7275856c4da/v2/_next/static/chunks/8378-2033cda9a963a50bfaa9.js" nonce="UJ1pMmx1_J92o0WA" defer=""></script><script src="https://i5.walmartimages.com/dfw/63fd9f59-7f10/f39d4daf-be64-4c7a-b470-b7275856c4da/v2/_next/static/chunks/7124-2b7854e70e859a5e16b0.js" nonce="UJ1pMmx1_J92o0WA" defer=""></script><script src="https://i5.walmartimages.com/dfw/63fd9f59-7f10/f39d4daf-be64-4c7a-b470-b7275856c4da/v2/_next/static/chunks/8340-16e7cfaa8392bc349d0f.js" nonce="UJ1pMmx1_J92o0WA" defer=""></script><script src="https://i5.walmartimages.com/dfw/63fd9f59-7f10/f39d4daf-be64-4c7a-b470-b7275856c4da/v2/_next/static/chunks/4580-3634e1f9b5b84bece6cc.js" nonce="UJ1pMmx1_J92o0WA" defer=""></script><script src="https://i5.walmartimages.com/dfw/63fd9f59-7f10/f39d4daf-be64-4c7a-b470-b7275856c4da/v2/_next/static/chunks/9402-5ee4199130f2d062cc32.js" nonce="UJ1pMmx1_J92o0WA" defer=""></script><script src="https://i5.walmartimages.com/dfw/63fd9f59-7f10/f39d4daf-be64-4c7a-b470-b7275856c4da/v2/_next/static/chunks/pages/search-caf1428ce2ab87422e4e.js" nonce="UJ1pMmx1_J92o0WA" defer=""></script><script src="https://i5.walmartimages.com/dfw/63fd9f59-7f10/f39d4daf-be64-4c7a-b470-b7275856c4da/v2/_next/static/production_20211006T193458787Z/_buildManifest.js" nonce="UJ1pMmx1_J92o0WA" defer=""></script><script src="https://i5.walmartimages.com/dfw/63fd9f59-7f10/f39d4daf-be64-4c7a-b470-b7275856c4da/v2/_next/static/production_20211006T193458787Z/_ssgManifest.js" nonce="UJ1pMmx1_J92o0WA" defer=""></script><script nonce="UJ1pMmx1_J92o0WA">var TBRewriteHostAltWeight = 10.000000;</script><script async="async" defer="defer" src="//i5.walmartimages.com/a14/capabilities.min.js" nonce="UJ1pMmx1_J92o0WA"></script></head><body><div id="__next"><div class=""><div data-testid="layout-container" class="flex flex-column min-vh-100 shadow-2" style="transform:none;transition:transform .2s"><span><a link-identifier="Generic Name" href="#maincontent" class="slider left-0 top-0 fixed bg-white-90">Skip to Main Content</a><header class="bg-blue fixed w-100 z-1 top-0"><div class="center flex items-center justify-center pa4"><a link-identifier="walmartLogo" aria-label="Walmart Homepage" class="flex-none mr3" href="/"><img loading="lazy" alt="Walmart" class="db" height="32" src="//i5.walmartimages.com/dfw/63fd9f59-b3e1/7a569e53-f29a-4c3d-bfaf-6f7a158bfadd/v1/walmartLogo.svg" width="130"/></a><div class="relative"><button type="button" class="flex items-center no-underline ph3 white desktop-header-trigger lh-title b pointer ba b--transparent bg-transparent sans-serif" style="border-radius:100px;height:40px;transition:all 100ms cubic-bezier(0.77, 0, 0.175, 1)" aria-haspopup="true" aria-expanded="false"><i class="ld ld-Grid mr2" style="font-size:1rem;vertical-align:-0.175em" aria-hidden="true"></i>Departments</button><div class="absolute bg-white br3 br--bottom left-0 lh-copy mt4 overflow-hidden shadow-1 dn" data-testid="departments-flyout" style="left:50%;transform:none;margin-left:-135px;max-height:0"><div class="flex"><div class="f6 overflow-auto" style="width:246px;max-height:0;height:100%"><ul class="list ma0 pa0 pb3 pt4"></ul></div></div></div></div><div class="relative"><button type="button" class="flex items-center no-underline ph3 white desktop-header-trigger lh-title b pointer ba b--transparent bg-transparent sans-serif" style="border-radius:100px;height:40px;transition:all 100ms cubic-bezier(0.77, 0, 0.175, 1)" aria-haspopup="true" aria-expanded="false"><i class="ld ld-Services mr2" style="font-size:1rem;vertical-align:-0.175em" aria-hidden="true"></i>Services</button><div class="absolute bg-white br3 br--bottom left-0 lh-copy mt4 overflow-hidden shadow-1 dn" data-testid="services-flyout" style="left:50%;transform:none;margin-left:-135px;max-height:0"><div class="flex"><div class="f6 overflow-auto" style="width:246px;max-height:0;height:100%"><ul class="list ma0 pa0 pb3 pt4"></ul></div></div></div></div><form action="/search" autocomplete="off" class="flex-auto ml3" role="search"><div class="flex flex-auto items-center relative"><input type="search" aria-label="Search" aria-activedescendant="" class="b--none f5 flex-auto lh-solid sans-serif br-pill" name="q" placeholder="Search everything at Walmart online and in store" style="height:40px;padding-left:1rem;padding-right:1rem" value="pizza"/><button aria-label="Search icon" class="absolute bn br-100 bg-gold h3 w3" style="right:0.25rem"><i class="ld ld-Search absolute" style="font-size:1rem;vertical-align:-0.175em;top:50%;left:50%;transform:translate(-50%, -50%)" aria-hidden="true"></i></button></div></form><div class="ml3 relative"><a link-identifier="Reorder my items" class="flex items-center no-underline ph3 white desktop-header-trigger lh-title lh-solid" style="border-radius:100px;height:40px;transition:all 100ms cubic-bezier(0.77, 0, 0.175, 1)" aria-haspopup="true" aria-expanded="false" href="/my-items"><i class="ld ld-Reorder" style="font-size:1rem;vertical-align:-0.175em" aria-hidden="true"></i><div class="ml2 nowrap"><div class="f7 lh-title">Reorder</div><div class="b">My Items</div></div></a><div class="absolute bg-white br3 br--bottom left-0 lh-copy mt4 overflow-hidden shadow-1 dn" data-testid="my-items-flyout" style="left:50%;transform:translateX(-50%)"><div class="ph4 pt4 pb2"><a link-identifier="Reorder" class="dark-gray db f6 no-underline nowrap desktop-header-flyout-link mb3" href="/my-items"><i class="ld ld-Reorder mr2" style="font-size:1rem;vertical-align:-0.175em"></i>Reorder</a><a link-identifier="Lists" class="dark-gray db f6 no-underline nowrap desktop-header-flyout-link mb3" href="/lists"><i class="ld ld-List mr2" style="font-size:1rem;vertical-align:-0.175em"></i>Lists</a><a link-identifier="Registries" class="dark-gray db f6 no-underline nowrap desktop-header-flyout-link mb3" href="/my-registries"><i class="ld ld-Gift mr2" style="font-size:1rem;vertical-align:-0.175em"></i>Registries</a></div></div></div><div class="relative"><a link-identifier="Account" class="flex items-center no-underline ph3 white desktop-header-trigger lh-title lh-solid" style="border-radius:100px;height:40px;transition:all 100ms cubic-bezier(0.77, 0, 0.175, 1)" aria-haspopup="true" aria-expanded="false" href="/account/login?vid=oaoh"><i class="ld ld-User" style="font-size:1rem;vertical-align:-0.175em" aria-hidden="true"></i><div class="ml2 nowrap"><div class="f7 mw3 mw4-xl lh-title truncate">Sign In</div><div class="b">Account</div></div></a><div class="absolute bg-white br3 br--bottom left-0 lh-copy mt4 overflow-hidden shadow-1 dn" data-testid="account-flyout" style="left:50%;transform:translateX(-50%)"><div class="pa4"><button class="w_AH w_AJ w_AN db mb3 w-100" type="button">Sign in</button><a link-identifier="Create an account" class="no-underline" href="/account/signup?vid=oaoh"><button class="w_AH w_AK w_AN db mb3 w-100" type="button" tabindex="-1">Create an account</button></a><hr aria-hidden="true" class="w_CY mb3"/><a link-identifier="Purchase History" class="dark-gray db f6 no-underline nowrap desktop-header-flyout-link" href="/orders"><i class="ld ld-Receipt mr2" style="font-size:1rem;vertical-align:-0.175em"></i>Purchase History</a></div></div></div><div class="ml3" style="width:40px"><button type="button" aria-label="Cart contains 0 items" class="bn bg-transparent br2 db flex flex-column items-center pa0 pointer relative sans-serif white"><i class="ld ld-Cart white" style="font-size:1.5rem;vertical-align:-0.25em"></i><span class="w_1 w_9 w_7 absolute right-0 top-0" style="transform:translate(50%, -50%)">0</span><span class="db" style="font-size:.625rem">$0.00</span></button></div></div></header></span><div class="flex flex-column flex-auto relative z-0" aria-hidden="false" style="padding-top:88px"><div class="flex-auto relative z-1"><section data-testid="location-banner" class="bg-dark-blue white pv1"><div class="center items-center flex flex-auto ph3 ph4-m overflow-hidden" style="line-height:2"><button class="w_AH w_AL w_AN white hover-white pa0 no-underline" type="button" name="select-store-button" tabindex="0"><i class="ld ld-Store mr2" style="font-size:1rem;vertical-align:-0.175em"></i><span class="f7 f6-m underline pointer">San Antonio Supercenter</span></button><span class="mh2">|</span><button class="w_AH w_AL w_AN white hover-white pa0 no-underline truncate" type="button" name="select-location-button" tabindex="0"><i class="ld ld-Location mr2" style="font-size:1rem;vertical-align:-0.175em"></i><span class="f7 f6-m underline pointer truncate">San Antonio, 78242</span></button></div></section><div class="center" style="max-width:1280px"><main data-sis-url="http://search-interface.walmart.net/v1/search?query=pizza&amp;facet=&amp;stores=999&amp;cat_id=&amp;sort=best_match&amp;page=4&amp;min_price=&amp;max_price=&amp;spelling=true&amp;ptss=&amp;trsp=&amp;prg=desktop&amp;affinityOverride=store_led&amp;storeSlotBooked=&amp;stateOrProvinceCode=TX&amp;ps=40&amp;zipcode=78242&amp;recall_set=&amp;inCatchment=true&amp;latitude=29.3531&amp;longitude=-98.614&amp;extended_zipcode=78242&amp;addressId=" class="overflow-hidden"><div data-testid="flex-container" class="flex flex-column h-100"><div class="h-100 relative"><div data-testid="flex-container" class="flex flex-column h-100"><div class="h-100 relative"><div class="mh4-xl mh3-m" data-testid="skyline"><iframe class="w-100 v-mid bw0 skeleton-bone br4" height="54" title="Walmart Advertisement"></iframe></div><span><span data-module-data="{&#34;__typename&#34;:&#34;TempoWM_GLASSWWWBrandAmplifierAdConfigs&#34;,&#34;_rawConfigs&#34;:{&#34;moduleLocation&#34;:&#34;top&#34;},&#34;moduleLocation&#34;:&#34;top&#34;,&#34;ad&#34;:{&#34;status&#34;:&#34;SUCCESS&#34;,&#34;moduleType&#34;:&#34;BrandAmplifierAd&#34;,&#34;platform&#34;:&#34;DESKTOP&#34;,&#34;pageId&#34;:&#34;pizza&#34;,&#34;pageType&#34;:&#34;SEARCH&#34;,&#34;storeId&#34;:&#34;999&#34;,&#34;stateCode&#34;:&#34;TX&#34;,&#34;zipCode&#34;:&#34;78242&#34;,&#34;pageContext&#34;:{&#34;searchNormalize&#34;:{&#34;normalized_query&#34;:&#34;pizza&#34;,&#34;original_query&#34;:&#34;pizza&#34;,&#34;rewritten_query&#34;:&#34;pizza&#34;,&#34;specificity&#34;:&#34;broad&#34;,&#34;top_query_cat_path&#34;:&#34;/976759/976791/5774679/3790397&#34;,&#34;top_query_cat_path_name&#34;:&#34;/Food/Frozen Foods/Frozen Pizza, Pasta, &amp; Breads/Frozen Meat Pizzas&#34;,&#34;analytics_log&#34;:{&#34;fe_log&#34;:{&#34;tq&#34;:1,&#34;dept&#34;:&#34;/976759/976791/5774679/3790397&#34;,&#34;g&#34;:&#34;S&#34;,&#34;s&#34;:&#34;b&#34;,&#34;trf&#34;:&#34;ht&#34;}}}},&#34;moduleConfigs&#34;:{&#34;moduleLocation&#34;:&#34;top&#34;},&#34;adsContext&#34;:{&#34;locationContext&#34;:{&#34;zipCode&#34;:&#34;78242&#34;,&#34;stateCode&#34;:&#34;TX&#34;,&#34;storeId&#34;:&#34;999&#34;,&#34;pickupStore&#34;:null,&#34;deliveryStore&#34;:null,&#34;intent&#34;:null,&#34;incatchment&#34;:true},&#34;itemId&#34;:&#34;&#34;,&#34;categoryId&#34;:&#34;976759_976791_5774679_3790397&#34;,&#34;categoryName&#34;:&#34;Food/Frozen Foods/Frozen Pizza, Pasta, &amp; Breads/Frozen Meat Pizzas&#34;,&#34;brand&#34;:&#34;&#34;,&#34;productName&#34;:&#34;&#34;,&#34;productTypeId&#34;:&#34;&#34;,&#34;normKeyword&#34;:&#34;pizza&#34;,&#34;verticalId&#34;:&#34;&#34;,&#34;dedupeList&#34;:[&#34;&#34;]},&#34;adRequestComposite&#34;:{&#34;isDebug&#34;:false,&#34;isManualShelf&#34;:false,&#34;keyword&#34;:&#34;pizza&#34;},&#34;adContent&#34;:{&#34;type&#34;:&#34;SPONSORED_PRODUCTS&#34;,&#34;data&#34;:{&#34;__typename&#34;:&#34;SponsoredBrands&#34;,&#34;adUuid&#34;:&#34;765b2a43-1fa7-4ad1-9833-82d7a424d128&#34;,&#34;adExpInfo&#34;:null,&#34;moduleInfo&#34;:&#34;{\&#34;adExpId\&#34;:\&#34;\&#34;,\&#34;bucketId\&#34;:\&#34;2243\&#34;}&#34;,&#34;brands&#34;:[]}}}}"></span></span><section><section aria-label="Sort and Filter section" class="w-100 flex flex-shrink-0 hidesb hidesb-wk pl3 ph4-xl pv3 relative z-max overflow-x-auto"><div class="flex flex-row flex-shrink-0 items-center br-pill bn bg-near-white mr2"><button type="button" class="f6 pv2 br-pill bn sans-serif flex bg-near-white pointer" aria-label="All filters "><i class="ld ld-Filter ph2" style="font-size:1rem;vertical-align:-0.175em" aria-hidden="true" data-testid="Filter-icon"></i><span class="flex pointer pr3" aria-hidden="true">All filters</span></button></div><div aria-hidden="true" class="br b--near-white h-inherit mr2"></div><div class="flex flex-row flex-shrink-0 items-center br-pill bn bg-near-white mr2"><button type="button" class="f6 pv2 br-pill bn sans-serif flex bg-near-white pointer" aria-label="In-store "><i class="ld ld-Store ph2" style="font-size:1rem;vertical-align:-0.175em" aria-hidden="true" data-testid="Store-icon"></i><span class="flex pointer pr3" aria-hidden="true">In-store</span></button></div><div class="flex flex-row flex-shrink-0 items-center br-pill bn bg-near-white mr2"><span class="w_F w_J" style="display:inline"><button type="button" class="f6 pv2 br-pill bn sans-serif flex bg-near-white pointer" aria-label="Pickup &amp; shipping "><span class="flex pointer pl3" aria-hidden="true">Pickup &amp; shipping</span><i class="ld ld-ChevronDown mh2" style="font-size:1rem;vertical-align:-0.175em"></i></button></span></div><div class="flex flex-row flex-shrink-0 items-center br-pill bn bg-near-white mr2"><button type="button" class="f6 pv2 br-pill bn sans-serif flex bg-near-white pointer" aria-label="Price "><i class="ld ld-MoneyCircle ph2" style="font-size:1rem;vertical-align:-0.175em" aria-hidden="true" data-testid="MoneyCircle-icon"></i><span class="flex pointer" aria-hidden="true">Price</span><i class="ld ld-ChevronDown mh2" style="font-size:1rem;vertical-align:-0.175em"></i></button></div><div class="flex flex-row flex-shrink-0 items-center br-pill bn bg-near-white mr2"><button type="button" class="f6 pv2 br-pill bn sans-serif flex bg-near-white pointer" aria-label="Brand "><span class="flex pointer pl3" aria-hidden="true">Brand</span><i class="ld ld-ChevronDown mh2" style="font-size:1rem;vertical-align:-0.175em"></i></button></div><div class="flex flex-row flex-shrink-0 items-center br-pill bn bg-near-white mr2"><button type="button" class="f6 pv2 br-pill bn sans-serif flex bg-near-white pointer" aria-label="Departments "><span class="flex pointer pl3" aria-hidden="true">Departments</span><i class="ld ld-ChevronDown mh2" style="font-size:1rem;vertical-align:-0.175em"></i></button></div><div class="flex flex-row flex-shrink-0 items-center br-pill bn bg-near-white"><button type="button" class="f6 pv2 br-pill bn sans-serif flex bg-near-white pointer" aria-label="Speed "><i class="ld ld-Clock ph2" style="font-size:1rem;vertical-align:-0.175em" aria-hidden="true" data-testid="Clock-icon"></i><span class="flex pointer" aria-hidden="true">Speed</span><i class="ld ld-ChevronDown mh2" style="font-size:1rem;vertical-align:-0.175em"></i></button></div><div class="dark-gray flex flex-row items-center ml-auto flex-shrink-0"><span class="b mh2">Sort by</span>|<button type="button" class="bw0 bg-white sans-serif pointer pa1" aria-label="Sort by Best Match" aria-expanded="false" aria-haspopup="true">Best Match<i class="ld ld-ChevronDown pa0 ml6" style="font-size:1rem;vertical-align:-0.175em" arial-hiden="true" role="img"></i></button></div></section></section><hr aria-hidden="true" class="w_CY"/><section class="pv3" aria-label="Quick refinements"><div class="flex flex-column justify-center relative"><ul style="display:flex;grid-auto-flow:column;scroll-snap-type:x mandatory;max-height:fit-content" class="list ma0 pl0 overflow-x-scroll hidesb hidesb-wk relative overflow-y-hidden pl3 spl3 pl4-xl" data-testid="carousel-container"><li class="flex flex-column items-center " data-slide="0"><button class="w_CZ w_Cc mr2" type="button" role="link">cheese</button></li><li class="flex flex-column items-center " data-slide="1"><button class="w_CZ w_Cc mr2" type="button" role="link">stuff crust</button></li><li class="flex flex-column items-center " data-slide="2"><button class="w_CZ w_Cc mr2" type="button" role="link">thin crust</button></li><li class="flex flex-column items-center " data-slide="3"><button class="w_CZ w_Cc mr2" type="button" role="link">cauliflower</button></li><li class="flex flex-column items-center " data-slide="4"><button class="w_CZ w_Cc mr2" type="button" role="link">tombstone</button></li><li class="flex flex-column items-center " data-slide="5"><button class="w_CZ w_Cc mr2" type="button" role="link">red baron</button></li><li class="flex flex-column items-center " data-slide="6"><button class="w_CZ w_Cc mr2" type="button" role="link">digiorno</button></li><li class="flex flex-column items-center " data-slide="7"><button class="w_CZ w_Cc mr2" type="button" role="link">marketside</button></li><li class="flex flex-column items-center " data-slide="8"><button class="w_CZ w_Cc mr2" type="button" role="link">rolls</button></li><li class="flex flex-column items-center " data-slide="9"><button class="w_CZ w_Cc mr2 mr4-xl" type="button" role="link">crust</button></li><li class="carousel-right-gap db" aria-hidden="true"></li></ul><button aria-hidden="true" tabindex="-1" class="absolute dn z-999 bg-white br-100 pa0 pointer ba db-l br-100 ba b--black nav-control right-1 db"><i class="ld ld-ChevronRight" style="font-size:1.5rem;vertical-align:-0.25em;padding:12px"></i></button><button aria-hidden="true" tabindex="-1" class="absolute dn z-999 bg-white br-100 pa0 pointer ba br-100 ba b--black nav-control left-1"><i class="ld ld-ChevronLeft" style="font-size:1.5rem;vertical-align:-0.25em;padding:12px"></i></button><div class="dn"></div></div><div class="dn"><a link-identifier="Generic Name">cheese</a><a link-identifier="Generic Name">stuff crust</a><a link-identifier="Generic Name">thin crust</a><a link-identifier="Generic Name">cauliflower</a><a link-identifier="Generic Name">tombstone</a><a link-identifier="Generic Name">red baron</a><a link-identifier="Generic Name">digiorno</a><a link-identifier="Generic Name">marketside</a><a link-identifier="Generic Name">rolls</a><a link-identifier="Generic Name">crust</a></div></section><hr aria-hidden="true" class="w_CY"/></div></div></div><div class="h-100 relative"><div data-testid="flex-container" class="flex flex-column h-100"><div class="h-100 relative"><div data-stack-index="0" class="flex flex-column justify-center"><section><div class="flex flex-wrap w-100 flex-grow-0 flex-shrink-0 ph2 pr0-xl pl4-xl mt0-xl mt3"><div class="mb1 ph1 pa0-xl bb b--near-white w-25"><div class="h-100 pb1-xl pr4-xl pv1 ph1" style="content-visibility:auto;contain-intrinsic-size:198px 340px"><div data-item-id="56VT2YKA82NP" class="sans-serif mid-gray relative flex flex-column w-100 "><a link-identifier="562455119" href="https://wrd.walmart.com/track?spQs=YByWmRO1HD17S7e6Tve-TvuCcw0DPP8VcwTYmgB-rDmIdmCMAqHVfBtO3c5KnpHPSYLPc0xZ-3bOfggIGYSk5gmisLcHsBW1A1NKu8A9f6E&amp;eventST=click&amp;plmt=sp-search-middle~desktop~&amp;rdf=1&amp;tax=976759_976791_5774679_3790397&amp;pltfm=desktop&amp;pt=search&amp;mloc=sp-search-middle&amp;storeId=999&amp;adUid=9x7T2X2NkAlzFxnUqTu4knGVBVDr3kXugc9K&amp;bt=1&amp;pgId=pizza&amp;pos=1&amp;rd=https%3A%2F%2Fwww.walmart.com%2Fip%2FLife-Cuisine-Pepperoni-Cauliflower-Crust-Pizza-6-oz%2F562455119" class="absolute w-100 h-100 z-1"><span class="w_DY">Life Cuisine Pepperoni Cauliflower Crust Pizza 6 oz.<!-- --> </span></a><div class="" data-testid="list-view"><div class=""><div class="h2 relative mb2"></div><div class="relative"><div class="relative overflow-hidden" style="max-width:290px;height:0;padding-bottom:min(290px, 100%);align-self:center;width:min(290px, 100%)"><img loading="eager" srcset="https://i5.walmartimages.com/asr/a1cf9849-3499-49fc-9880-415b0640337d.f1a2a567ac3772945ab0c56f4502830b.jpeg?odnHeight=290&amp;odnWidth=290&amp;odnBg=FFFFFF 1x, https://i5.walmartimages.com/asr/a1cf9849-3499-49fc-9880-415b0640337d.f1a2a567ac3772945ab0c56f4502830b.jpeg?odnHeight=580&amp;odnWidth=580&amp;odnBg=FFFFFF 2x" width="" height="" class="absolute top-0 left-0" data-testid="productTileImage" alt="" src="https://i5.walmartimages.com/asr/a1cf9849-3499-49fc-9880-415b0640337d.f1a2a567ac3772945ab0c56f4502830b.jpeg?odnHeight=580&amp;odnWidth=580&amp;odnBg=FFFFFF"/></div><div class="absolute z-2 bottom--1"><button class="w_AH w_AJ w_AO pointer bn bg-blue hover-bg-dark-blue white sans-serif b w-auto ph2 flex items-center justify-center shadow-1" type="button" aria-label="Add to cart - Life Cuisine Pepperoni Cauliflower Crust Pizza 6 oz."><i class="ld ld-Plus" style="font-size:1.5rem;vertical-align:-0.25em" title="add to cart"></i><span class="mr2">Add</span></button></div></div><div class="mt5 mb1" style="height:24px" data-testid="variant-56VT2YKA82NP"><div class="flex items-center lh-title h2-l normal"><span class="gray f7">Sponsored</span></div></div></div><div class=""><div class="flex flex-wrap justify-start items-center lh-title mb2 mb1-m"><div class="b black f5 mr1 mr2-xl lh-copy f4-l" aria-hidden="true">$4.18</div><span class="w_DY">current price $4.18</span><div class="f7 f6-l gray mr1">69.7 ¢/oz</div></div><span class="w_Bd" style="-webkit-line-clamp:3;padding-bottom:0em;margin-bottom:-0em"><span class="f6 f5-l normal dark-gray mb0 mt1 lh-title">Life Cuisine Pepperoni Cauliflower Crust Pizza 6 oz.</span></span><div class="mv2 flex items-center"><div class="f7 mr1 blue b lh-copy">Save with</div><img loading="lazy" class="pr2 flex" src="//i5.walmartimages.com/dfw/63fd9f59-ac39/29c6759d-7f14-49fa-bd3a-b870eb4fb8fb/v1/wplus-icon-blue.svg" alt="Walmart Plus" height="20" width="20"/></div><div class="mt2 mb2"><span class="w_A w_C w_B mr1 mt1 ph1">Pickup</span><span class="w_A w_C w_B mr1 mt1 ph1">Delivery</span></div></div></div></div></div></div><div class="mb1 ph1 pa0-xl bb b--near-white w-25"><div class="h-100 pb1-xl pr4-xl pv1 ph1" style="content-visibility:auto;contain-intrinsic-size:198px 340px"><div data-item-id="1EFA0XGOLCD3" class="sans-serif mid-gray relative flex flex-column w-100 "><a link-identifier="826896792" href="https://wrd.walmart.com/track?spQs=YByWmRO1HD17S7e6Tve-TmIp01MY7zg3SZt3Ui9K4PSIdmCMAqHVfBtO3c5KnpHPL1K6L9JLtnTsk_TiXSFSBFcPQum0E7PmVfC-JW4pMcY&amp;eventST=click&amp;plmt=sp-search-middle~desktop~&amp;rdf=1&amp;tax=976759_976791_5774679_3790397&amp;pltfm=desktop&amp;pt=search&amp;mloc=sp-search-middle&amp;storeId=999&amp;adUid=9x7T2X2NkAlzFxnUqTu4knGVBVDr3kXugc9K&amp;bt=1&amp;pgId=pizza&amp;pos=2&amp;rd=https%3A%2F%2Fwww.walmart.com%2Fip%2FLife-Cuisine-Cauliflower-Crust-Three-Cheese-Frozen-Pizza-6-oz%2F826896792" class="absolute w-100 h-100 z-1"><span class="w_DY">Life Cuisine Cauliflower Crust Three Cheese Frozen Pizza 6 oz.<!-- --> </span></a><div class="" data-testid="list-view"><div class=""><div class="h2 relative mb2"></div><div class="relative"><div class="relative overflow-hidden" style="max-width:290px;height:0;padding-bottom:min(290px, 100%);align-self:center;width:min(290px, 100%)"><img loading="eager" srcset="https://i5.walmartimages.com/asr/db45ebd9-5748-4537-9ae9-c12dfc9b4cf9.48993c48fad3b8dca064727fd9c1c6f3.jpeg?odnHeight=290&amp;odnWidth=290&amp;odnBg=FFFFFF 1x, https://i5.walmartimages.com/asr/db45ebd9-5748-4537-9ae9-c12dfc9b4cf9.48993c48fad3b8dca064727fd9c1c6f3.jpeg?odnHeight=580&amp;odnWidth=580&amp;odnBg=FFFFFF 2x" width="" height="" class="absolute top-0 left-0" data-testid="productTileImage" alt="" src="https://i5.walmartimages.com/asr/db45ebd9-5748-4537-9ae9-c12dfc9b4cf9.48993c48fad3b8dca064727fd9c1c6f3.jpeg?odnHeight=580&amp;odnWidth=580&amp;odnBg=FFFFFF"/></div><div class="absolute z-2 bottom--1"><button class="w_AH w_AJ w_AO pointer bn bg-blue hover-bg-dark-blue white sans-serif b w-auto ph2 flex items-center justify-center shadow-1" type="button" aria-label="Add to cart - Life Cuisine Cauliflower Crust Three Cheese Frozen Pizza 6 oz."><i class="ld ld-Plus" style="font-size:1.5rem;vertical-align:-0.25em" title="add to cart"></i><span class="mr2">Add</span></button></div></div><div class="mt5 mb1" style="height:24px" data-testid="variant-1EFA0XGOLCD3"><div class="flex items-center lh-title h2-l normal"><span class="gray f7">Sponsored</span></div></div></div><div class=""><div class="flex flex-wrap justify-start items-center lh-title mb2 mb1-m"><div class="b black f5 mr1 mr2-xl lh-copy f4-l" aria-hidden="true">$4.18</div><span class="w_DY">current price $4.18</span><div class="f7 f6-l gray mr1">69.7 ¢/oz</div></div><span class="w_Bd" style="-webkit-line-clamp:3;padding-bottom:0em;margin-bottom:-0em"><span class="f6 f5-l normal dark-gray mb0 mt1 lh-title">Life Cuisine Cauliflower Crust Three Cheese Frozen Pizza 6 oz.</span></span><div class="mv2 flex items-center"><div class="f7 mr1 blue b lh-copy">Save with</div><img loading="lazy" class="pr2 flex" src="//i5.walmartimages.com/dfw/63fd9f59-ac39/29c6759d-7f14-49fa-bd3a-b870eb4fb8fb/v1/wplus-icon-blue.svg" alt="Walmart Plus" height="20" width="20"/></div><div class="mt2 mb2"><span class="w_A w_C w_B mr1 mt1 ph1">Pickup</span><span class="w_A w_C w_B mr1 mt1 ph1">Delivery</span></div></div></div></div></div></div><div class="mb1 ph1 pa0-xl bb b--near-white w-25"><div class="h-100 pb1-xl pr4-xl pv1 ph1" style="content-visibility:auto;contain-intrinsic-size:198px 340px"><div data-item-id="5DRDZ4JW5R6V" class="sans-serif mid-gray relative flex flex-column w-100 "><a link-identifier="631331370" class="absolute w-100 h-100 z-1" href="/ip/Quest-Nutrition-Thin-Crust-Pizza-Uncured-Pepperoni-11-4-Oz-Frozen/631331370"><span class="w_DY">Quest Nutrition Thin Crust Pizza Uncured Pepperoni, 11.4 Oz (Frozen)<!-- --> </span></a><div class="" data-testid="list-view"><div class=""><div class="h2 relative mb2"></div><div class="relative"><div class="relative overflow-hidden" style="max-width:290px;height:0;padding-bottom:min(290px, 100%);align-self:center;width:min(290px, 100%)"><img loading="eager" srcset="https://i5.walmartimages.com/asr/3f6a05cc-3f7a-4298-a24b-0944132b048d.542ebe0101bdd153a93bd22b3f5589ee.jpeg?odnHeight=290&amp;odnWidth=290&amp;odnBg=FFFFFF 1x, https://i5.walmartimages.com/asr/3f6a05cc-3f7a-4298-a24b-0944132b048d.542ebe0101bdd153a93bd22b3f5589ee.jpeg?odnHeight=580&amp;odnWidth=580&amp;odnBg=FFFFFF 2x" width="" height="" class="absolute top-0 left-0" data-testid="productTileImage" alt="" src="https://i5.walmartimages.com/asr/3f6a05cc-3f7a-4298-a24b-0944132b048d.542ebe0101bdd153a93bd22b3f5589ee.jpeg?odnHeight=580&amp;odnWidth=580&amp;odnBg=FFFFFF"/></div><div class="absolute z-2 bottom--1"><button class="w_AH w_AJ w_AO pointer bn bg-blue hover-bg-dark-blue white sans-serif b w-auto ph2 flex items-center justify-center shadow-1" type="button" aria-label="Add to cart - Quest Nutrition Thin Crust Pizza Uncured Pepperoni, 11.4 Oz (Frozen)"><i class="ld ld-Plus" style="font-size:1.5rem;vertical-align:-0.25em" title="add to cart"></i><span class="mr2">Add</span></button></div></div><div class="mt5 mb1" style="height:24px" data-testid="variant-5DRDZ4JW5R6V"></div></div><div class=""><div class="flex flex-wrap justify-start items-center lh-title mb2 mb1-m"><div class="b black f5 mr1 mr2-xl lh-copy f4-l" aria-hidden="true">$7.20</div><span class="w_DY">current price $7.20</span><div class="f7 f6-l gray mr1">63.2 ¢/oz</div></div><span class="w_Bd" style="-webkit-line-clamp:3;padding-bottom:0em;margin-bottom:-0em"><span class="f6 f5-l normal dark-gray mb0 mt1 lh-title">Quest Nutrition Thin Crust Pizza Uncured Pepperoni, 11.4 Oz (Frozen)</span></span><div class="mv2 flex items-center"><div class="f7 mr1 blue b lh-copy">Save with</div><img loading="lazy" class="pr2 flex" src="//i5.walmartimages.com/dfw/63fd9f59-ac39/29c6759d-7f14-49fa-bd3a-b870eb4fb8fb/v1/wplus-icon-blue.svg" alt="Walmart Plus" height="20" width="20"/></div><div class="mt2 mb2"><span class="w_A w_C w_B mr1 mt1 ph1">Pickup</span><span class="w_A w_C w_B mr1 mt1 ph1">Delivery</span></div></div></div></div></div></div><div class="mb1 ph1 pa0-xl bb b--near-white w-25"><div class="h-100 pb1-xl pr4-xl pv1 ph1" style="content-visibility:auto;contain-intrinsic-size:198px 340px"><div data-item-id="4GTQL89ZH6Q9" class="sans-serif mid-gray relative flex flex-column w-100 "><a link-identifier="899570684" class="absolute w-100 h-100 z-1" href="/ip/Red-Baron-Four-Cheese-Pizza-Melt-5-34-oz/899570684"><span class="w_DY">Red Baron Four Cheese Pizza Melt, 5.34 oz<!-- --> </span></a><div class="" data-testid="list-view"><div class=""><div class="h2 relative mb2"></div><div class="relative"><div class="relative overflow-hidden" style="max-width:290px;height:0;padding-bottom:min(290px, 100%);align-self:center;width:min(290px, 100%)"><img loading="eager" srcset="https://i5.walmartimages.com/asr/520697ad-706a-4db3-a910-998f4d66b2fb.b3e2762a50eee947e687e5e8d714b2f3.jpeg?odnHeight=290&amp;odnWidth=290&amp;odnBg=FFFFFF 1x, https://i5.walmartimages.com/asr/520697ad-706a-4db3-a910-998f4d66b2fb.b3e2762a50eee947e687e5e8d714b2f3.jpeg?odnHeight=580&amp;odnWidth=580&amp;odnBg=FFFFFF 2x" width="" height="" class="absolute top-0 left-0" data-testid="productTileImage" alt="" src="https://i5.walmartimages.com/asr/520697ad-706a-4db3-a910-998f4d66b2fb.b3e2762a50eee947e687e5e8d714b2f3.jpeg?odnHeight=580&amp;odnWidth=580&amp;odnBg=FFFFFF"/></div><div class="absolute z-2 bottom--1"><button class="w_AH w_AJ w_AO pointer bn bg-blue hover-bg-dark-blue white sans-serif b w-auto ph2 flex items-center justify-center shadow-1" type="button" aria-label="Add to cart - Red Baron Four Cheese Pizza Melt, 5.34 oz"><i class="ld ld-Plus" style="font-size:1.5rem;vertical-align:-0.25em" title="add to cart"></i><span class="mr2">Add</span></button></div></div><div class="mt5 mb1" style="height:24px" data-testid="variant-4GTQL89ZH6Q9"></div></div><div class=""><div class="flex flex-wrap justify-start items-center lh-title mb2 mb1-m"><div class="b black f5 mr1 mr2-xl lh-copy f4-l" aria-hidden="true">$2.97</div><span class="w_DY">current price $2.97</span><div class="f7 f6-l gray mr1">55.6 ¢/oz</div></div><span class="w_Bd" style="-webkit-line-clamp:3;padding-bottom:0em;margin-bottom:-0em"><span class="f6 f5-l normal dark-gray mb0 mt1 lh-title">Red Baron Four Cheese Pizza Melt, 5.34 oz</span></span><div class="mv2 flex items-center"><div class="f7 mr1 blue b lh-copy">Save with</div><img loading="lazy" class="pr2 flex" src="//i5.walmartimages.com/dfw/63fd9f59-ac39/29c6759d-7f14-49fa-bd3a-b870eb4fb8fb/v1/wplus-icon-blue.svg" alt="Walmart Plus" height="20" width="20"/></div><div class="mt2 mb2"><span class="w_A w_C w_B mr1 mt1 ph1">Pickup</span><span class="w_A w_C w_B mr1 mt1 ph1">Delivery</span></div></div></div></div></div></div><div class="mb1 ph1 pa0-xl bb b--near-white w-25"><div class="h-100 pb1-xl pr4-xl pv1 ph1" style="content-visibility:auto;contain-intrinsic-size:198px 340px"><div data-item-id="3NHZBPO6R2W7" class="sans-serif mid-gray relative flex flex-column w-100 "><a link-identifier="755450887" class="absolute w-100 h-100 z-1" href="/ip/Palermo-s-Rising-Crust-Hawaiian-Style-Frozen-Pizza-30-2-oz/755450887"><span class="w_DY">Palermo&#39;s Rising Crust Hawaiian Style Frozen Pizza 30.2 oz<!-- --> </span></a><div class="" data-testid="list-view"><div class=""><div class="h2 relative mb2"></div><div class="relative"><div class="relative overflow-hidden" style="max-width:290px;height:0;padding-bottom:min(290px, 100%);align-self:center;width:min(290px, 100%)"><img loading="lazy" srcset="https://i5.walmartimages.com/asr/c68a6885-90a4-4670-aded-f288aa018c3d.3125ec1d1cf2dd892c4d8a87625424d8.jpeg?odnHeight=290&amp;odnWidth=290&amp;odnBg=FFFFFF 1x, https://i5.walmartimages.com/asr/c68a6885-90a4-4670-aded-f288aa018c3d.3125ec1d1cf2dd892c4d8a87625424d8.jpeg?odnHeight=580&amp;odnWidth=580&amp;odnBg=FFFFFF 2x" width="" height="" class="absolute top-0 left-0" data-testid="productTileImage" alt="" src="https://i5.walmartimages.com/asr/c68a6885-90a4-4670-aded-f288aa018c3d.3125ec1d1cf2dd892c4d8a87625424d8.jpeg?odnHeight=580&amp;odnWidth=580&amp;odnBg=FFFFFF"/></div><div class="absolute z-2 bottom--1"><button class="w_AH w_AJ w_AO pointer bn bg-blue hover-bg-dark-blue white sans-serif b w-auto ph2 flex items-center justify-center shadow-1" type="button" aria-label="Add to cart - Palermo&#39;s Rising Crust Hawaiian Style Frozen Pizza 30.2 oz"><i class="ld ld-Plus" style="font-size:1.5rem;vertical-align:-0.25em" title="add to cart"></i><span class="mr2">Add</span></button></div></div><div class="mt5 mb1" style="height:24px" data-testid="variant-3NHZBPO6R2W7"></div></div><div class=""><div class="flex flex-wrap justify-start items-center lh-title mb2 mb1-m"><div class="b black f5 mr1 mr2-xl lh-copy f4-l" aria-hidden="true">$5.00</div><span class="w_DY">current price $5.00</span><div class="f7 f6-l gray mr1">16.6 ¢/oz</div></div><span class="w_Bd" style="-webkit-line-clamp:3;padding-bottom:0em;margin-bottom:-0em"><span class="f6 f5-l normal dark-gray mb0 mt1 lh-title">Palermo&#39;s Rising Crust Hawaiian Style Frozen Pizza 30.2 oz</span></span><div class="mv2 flex items-center"><div class="f7 mr1 blue b lh-copy">Save with</div><img loading="lazy" class="pr2 flex" src="//i5.walmartimages.com/dfw/63fd9f59-ac39/29c6759d-7f14-49fa-bd3a-b870eb4fb8fb/v1/wplus-icon-blue.svg" alt="Walmart Plus" height="20" width="20"/></div><div class="mt2 mb2"><span class="w_A w_C w_B mr1 mt1 ph1">Pickup</span><span class="w_A w_C w_B mr1 mt1 ph1">Delivery</span></div></div></div></div></div></div><div class="mb1 ph1 pa0-xl bb b--near-white w-25"><div class="h-100 pb1-xl pr4-xl pv1 ph1" style="content-visibility:auto;contain-intrinsic-size:198px 340px"><div data-item-id="3M8NK3R3PT2R" class="sans-serif mid-gray relative flex flex-column w-100 "><a link-identifier="822261810" class="absolute w-100 h-100 z-1" href="/ip/Sam-s-Choice-Thin-Crust-Supreme-Pizza-21-7-oz/822261810"><span class="w_DY">Sam&#39;s Choice Thin Crust Supreme Pizza, 21.7 oz<!-- --> </span></a><div class="" data-testid="list-view"><div class=""><div class="h2 relative mb2"></div><div class="relative"><div class="relative overflow-hidden" style="max-width:290px;height:0;padding-bottom:min(290px, 100%);align-self:center;width:min(290px, 100%)"><img loading="lazy" srcset="https://i5.walmartimages.com/asr/925e09c4-7ae2-45a2-99a9-38dd8cdf9554.d81e463e22e9edcc3739bed3efd81089.jpeg?odnHeight=290&amp;odnWidth=290&amp;odnBg=FFFFFF 1x, https://i5.walmartimages.com/asr/925e09c4-7ae2-45a2-99a9-38dd8cdf9554.d81e463e22e9edcc3739bed3efd81089.jpeg?odnHeight=580&amp;odnWidth=580&amp;odnBg=FFFFFF 2x" width="" height="" class="absolute top-0 left-0" data-testid="productTileImage" alt="" src="https://i5.walmartimages.com/asr/925e09c4-7ae2-45a2-99a9-38dd8cdf9554.d81e463e22e9edcc3739bed3efd81089.jpeg?odnHeight=580&amp;odnWidth=580&amp;odnBg=FFFFFF"/></div><div class="absolute z-2 bottom--1"><button class="w_AH w_AJ w_AO pointer bn bg-blue hover-bg-dark-blue white sans-serif b w-auto ph2 flex items-center justify-center shadow-1" type="button" aria-label="Add to cart - Sam&#39;s Choice Thin Crust Supreme Pizza, 21.7 oz"><i class="ld ld-Plus" style="font-size:1.5rem;vertical-align:-0.25em" title="add to cart"></i><span class="mr2">Add</span></button></div></div><div class="mt5 mb1" style="height:24px" data-testid="variant-3M8NK3R3PT2R"></div></div><div class=""><div class="flex flex-wrap justify-start items-center lh-title mb2 mb1-m"><div class="b black f5 mr1 mr2-xl lh-copy f4-l" aria-hidden="true">$5.00</div><span class="w_DY">current price $5.00</span><div class="f7 f6-l gray mr1">23.0 ¢/oz</div></div><span class="w_Bd" style="-webkit-line-clamp:3;padding-bottom:0em;margin-bottom:-0em"><span class="f6 f5-l normal dark-gray mb0 mt1 lh-title">Sam&#39;s Choice Thin Crust Supreme Pizza, 21.7 oz</span></span><div class="mv2 flex items-center"><div class="f7 mr1 blue b lh-copy">Save with</div><img loading="lazy" class="pr2 flex" src="//i5.walmartimages.com/dfw/63fd9f59-ac39/29c6759d-7f14-49fa-bd3a-b870eb4fb8fb/v1/wplus-icon-blue.svg" alt="Walmart Plus" height="20" width="20"/></div><div class="mt2 mb2"><span class="w_A w_C w_B mr1 mt1 ph1">Pickup</span><span class="w_A w_C w_B mr1 mt1 ph1">Delivery</span></div></div></div></div></div></div><div class="mb1 ph1 pa0-xl bb b--near-white w-25"><div class="h-100 pb1-xl pr4-xl pv1 ph1" style="content-visibility:auto;contain-intrinsic-size:198px 340px"><div data-item-id="0ZZ9R9SAVS20" class="sans-serif mid-gray relative flex flex-column w-100 "><a link-identifier="140254054" class="absolute w-100 h-100 z-1" href="/ip/Sam-s-Choice-Thin-Crust-4-Meat-Pizza-20-16-oz/140254054"><span class="w_DY">Sam&#39;s Choice Thin Crust 4 Meat Pizza, 20.16 oz<!-- --> </span></a><div class="" data-testid="list-view"><div class=""><div class="h2 relative mb2"></div><div class="relative"><div class="relative overflow-hidden" style="max-width:290px;height:0;padding-bottom:min(290px, 100%);align-self:center;width:min(290px, 100%)"><img loading="lazy" srcset="https://i5.walmartimages.com/asr/6ee17c4b-fa78-4b49-bc64-465ccbe02c13.d552aecafaefae087a1503c33f0d153e.jpeg?odnHeight=290&amp;odnWidth=290&amp;odnBg=FFFFFF 1x, https://i5.walmartimages.com/asr/6ee17c4b-fa78-4b49-bc64-465ccbe02c13.d552aecafaefae087a1503c33f0d153e.jpeg?odnHeight=580&amp;odnWidth=580&amp;odnBg=FFFFFF 2x" width="" height="" class="absolute top-0 left-0" data-testid="productTileImage" alt="" src="https://i5.walmartimages.com/asr/6ee17c4b-fa78-4b49-bc64-465ccbe02c13.d552aecafaefae087a1503c33f0d153e.jpeg?odnHeight=580&amp;odnWidth=580&amp;odnBg=FFFFFF"/></div><div class="absolute z-2 bottom--1"><button class="w_AH w_AJ w_AO pointer bn bg-blue hover-bg-dark-blue white sans-serif b w-auto ph2 flex items-center justify-center shadow-1" type="button" aria-label="Add to cart - Sam&#39;s Choice Thin Crust 4 Meat Pizza, 20.16 oz"><i class="ld ld-Plus" style="font-size:1.5rem;vertical-align:-0.25em" title="add to cart"></i><span class="mr2">Add</span></button></div></div><div class="mt5 mb1" style="height:24px" data-testid="variant-0ZZ9R9SAVS20"></div></div><div class=""><div class="flex flex-wrap justify-start items-center lh-title mb2 mb1-m"><div class="b black f5 mr1 mr2-xl lh-copy f4-l" aria-hidden="true">$5.00</div><span class="w_DY">current price $5.00</span><div class="f7 f6-l gray mr1">24.8 ¢/oz</div></div><span class="w_Bd" style="-webkit-line-clamp:3;padding-bottom:0em;margin-bottom:-0em"><span class="f6 f5-l normal dark-gray mb0 mt1 lh-title">Sam&#39;s Choice Thin Crust 4 Meat Pizza, 20.16 oz</span></span><div class="mv2 flex items-center"><div class="f7 mr1 blue b lh-copy">Save with</div><img loading="lazy" class="pr2 flex" src="//i5.walmartimages.com/dfw/63fd9f59-ac39/29c6759d-7f14-49fa-bd3a-b870eb4fb8fb/v1/wplus-icon-blue.svg" alt="Walmart Plus" height="20" width="20"/></div><div class="mt2 mb2"><span class="w_A w_C w_B mr1 mt1 ph1">Pickup</span><span class="w_A w_C w_B mr1 mt1 ph1">Delivery</span></div></div></div></div></div></div><div class="mb1 ph1 pa0-xl bb b--near-white w-25"><div class="h-100 pb1-xl pr4-xl pv1 ph1" style="content-visibility:auto;contain-intrinsic-size:198px 340px"><div data-item-id="5EKW5CIE7MBP" class="sans-serif mid-gray relative flex flex-column w-100 "><a link-identifier="633500797" class="absolute w-100 h-100 z-1" href="/ip/Sam-s-Choice-Thin-Crust-Cheese-Pizza-19-1-oz/633500797"><span class="w_DY">Sam&#39;s Choice Thin Crust Cheese Pizza, 19.1 oz<!-- --> </span></a><div class="" data-testid="list-view"><div class=""><div class="h2 relative mb2"></div><div class="relative"><div class="relative overflow-hidden" style="max-width:290px;height:0;padding-bottom:min(290px, 100%);align-self:center;width:min(290px, 100%)"><img loading="lazy" srcset="https://i5.walmartimages.com/asr/06c23172-3214-4133-9e60-6444ee7b5654_4.fe8290313b41cb4f0c81ed30f1ea0a64.jpeg?odnHeight=290&amp;odnWidth=290&amp;odnBg=FFFFFF 1x, https://i5.walmartimages.com/asr/06c23172-3214-4133-9e60-6444ee7b5654_4.fe8290313b41cb4f0c81ed30f1ea0a64.jpeg?odnHeight=580&amp;odnWidth=580&amp;odnBg=FFFFFF 2x" width="" height="" class="absolute top-0 left-0" data-testid="productTileImage" alt="" src="https://i5.walmartimages.com/asr/06c23172-3214-4133-9e60-6444ee7b5654_4.fe8290313b41cb4f0c81ed30f1ea0a64.jpeg?odnHeight=580&amp;odnWidth=580&amp;odnBg=FFFFFF"/></div><div class="absolute z-2 bottom--1"><button class="w_AH w_AJ w_AO pointer bn bg-blue hover-bg-dark-blue white sans-serif b w-auto ph2 flex items-center justify-center shadow-1" type="button" aria-label="Add to cart - Sam&#39;s Choice Thin Crust Cheese Pizza, 19.1 oz"><i class="ld ld-Plus" style="font-size:1.5rem;vertical-align:-0.25em" title="add to cart"></i><span class="mr2">Add</span></button></div></div><div class="mt5 mb1" style="height:24px" data-testid="variant-5EKW5CIE7MBP"></div></div><div class=""><div class="flex flex-wrap justify-start items-center lh-title mb2 mb1-m"><div class="b black f5 mr1 mr2-xl lh-copy f4-l" aria-hidden="true">$5.00</div><span class="w_DY">current price $5.00</span><div class="f7 f6-l gray mr1">26.2 ¢/oz</div></div><span class="w_Bd" style="-webkit-line-clamp:3;padding-bottom:0em;margin-bottom:-0em"><span class="f6 f5-l normal dark-gray mb0 mt1 lh-title">Sam&#39;s Choice Thin Crust Cheese Pizza, 19.1 oz</span></span><div class="mv2 flex items-center"><div class="f7 mr1 blue b lh-copy">Save with</div><img loading="lazy" class="pr2 flex" src="//i5.walmartimages.com/dfw/63fd9f59-ac39/29c6759d-7f14-49fa-bd3a-b870eb4fb8fb/v1/wplus-icon-blue.svg" alt="Walmart Plus" height="20" width="20"/></div><div class="mt2 mb2"><span class="w_A w_C w_B mr1 mt1 ph1">Pickup</span><span class="w_A w_C w_B mr1 mt1 ph1">Delivery</span></div></div></div></div></div></div><div class="mb1 ph1 pa0-xl bb b--near-white w-25"><div class="h-100 pb1-xl pr4-xl pv1 ph1" style="content-visibility:auto;contain-intrinsic-size:198px 340px"><div data-item-id="4U1UY8F30KVD" class="sans-serif mid-gray relative flex flex-column w-100 "><a link-identifier="919222661" class="absolute w-100 h-100 z-1" href="/ip/Palermo-s-Rising-Crust-4-Cheese-Frozen-Pizza-30-3-oz/919222661"><span class="w_DY">Palermo&#39;s Rising Crust 4 Cheese Frozen Pizza, 30.3 oz<!-- --> </span></a><div class="" data-testid="list-view"><div class=""><div class="h2 relative mb2"></div><div class="relative"><div class="relative overflow-hidden" style="max-width:290px;height:0;padding-bottom:min(290px, 100%);align-self:center;width:min(290px, 100%)"><img loading="lazy" srcset="https://i5.walmartimages.com/asr/ec932941-093a-4d1c-8576-4f061a433cbf.7929cf42fb311f1446987d90e13e0a8e.jpeg?odnHeight=290&amp;odnWidth=290&amp;odnBg=FFFFFF 1x, https://i5.walmartimages.com/asr/ec932941-093a-4d1c-8576-4f061a433cbf.7929cf42fb311f1446987d90e13e0a8e.jpeg?odnHeight=580&amp;odnWidth=580&amp;odnBg=FFFFFF 2x" width="" height="" class="absolute top-0 left-0" data-testid="productTileImage" alt="" src="https://i5.walmartimages.com/asr/ec932941-093a-4d1c-8576-4f061a433cbf.7929cf42fb311f1446987d90e13e0a8e.jpeg?odnHeight=580&amp;odnWidth=580&amp;odnBg=FFFFFF"/></div><div class="absolute z-2 bottom--1"><button class="w_AH w_AJ w_AO pointer bn bg-blue hover-bg-dark-blue white sans-serif b w-auto ph2 flex items-center justify-center shadow-1" type="button" aria-label="Add to cart - Palermo&#39;s Rising Crust 4 Cheese Frozen Pizza, 30.3 oz"><i class="ld ld-Plus" style="font-size:1.5rem;vertical-align:-0.25em" title="add to cart"></i><span class="mr2">Add</span></button></div></div><div class="mt5 mb1" style="height:24px" data-testid="variant-4U1UY8F30KVD"></div></div><div class=""><div class="flex flex-wrap justify-start items-center lh-title mb2 mb1-m"><div class="b black f5 mr1 mr2-xl lh-copy f4-l" aria-hidden="true">$5.00</div><span class="w_DY">current price $5.00</span><div class="f7 f6-l gray mr1">16.5 ¢/oz</div></div><span class="w_Bd" style="-webkit-line-clamp:3;padding-bottom:0em;margin-bottom:-0em"><span class="f6 f5-l normal dark-gray mb0 mt1 lh-title">Palermo&#39;s Rising Crust 4 Cheese Frozen Pizza, 30.3 oz</span></span><div class="mv2 flex items-center"><div class="f7 mr1 blue b lh-copy">Save with</div><img loading="lazy" class="pr2 flex" src="//i5.walmartimages.com/dfw/63fd9f59-ac39/29c6759d-7f14-49fa-bd3a-b870eb4fb8fb/v1/wplus-icon-blue.svg" alt="Walmart Plus" height="20" width="20"/></div><div class="mt2 mb2"><span class="w_A w_C w_B mr1 mt1 ph1">Pickup</span><span class="w_A w_C w_B mr1 mt1 ph1">Delivery</span></div></div></div></div></div></div><div class="mb1 ph1 pa0-xl bb b--near-white w-25"><div class="h-100 pb1-xl pr4-xl pv1 ph1" style="content-visibility:auto;contain-intrinsic-size:198px 340px"><div data-item-id="1NG5EGEVGP7H" class="sans-serif mid-gray relative flex flex-column w-100 "><a link-identifier="645684166" class="absolute w-100 h-100 z-1" href="/ip/Palermos-Rising-Crust-Pepperoni-Frozen-Pizza-30-0-oz/645684166"><span class="w_DY">Palermos Rising Crust Pepperoni Frozen Pizza, 30.0 oz<!-- --> </span></a><div class="" data-testid="list-view"><div class=""><div class="h2 relative mb2"></div><div class="relative"><div class="relative overflow-hidden" style="max-width:290px;height:0;padding-bottom:min(290px, 100%);align-self:center;width:min(290px, 100%)"><img loading="lazy" srcset="https://i5.walmartimages.com/asr/6e682e46-38bb-4000-ac21-79b200ec16f1.d1d468dea492029cad891259bdd420b4.jpeg?odnHeight=290&amp;odnWidth=290&amp;odnBg=FFFFFF 1x, https://i5.walmartimages.com/asr/6e682e46-38bb-4000-ac21-79b200ec16f1.d1d468dea492029cad891259bdd420b4.jpeg?odnHeight=580&amp;odnWidth=580&amp;odnBg=FFFFFF 2x" width="" height="" class="absolute top-0 left-0" data-testid="productTileImage" alt="" src="https://i5.walmartimages.com/asr/6e682e46-38bb-4000-ac21-79b200ec16f1.d1d468dea492029cad891259bdd420b4.jpeg?odnHeight=580&amp;odnWidth=580&amp;odnBg=FFFFFF"/></div><div class="absolute z-2 bottom--1"><button class="w_AH w_AJ w_AO pointer bn bg-blue hover-bg-dark-blue white sans-serif b w-auto ph2 flex items-center justify-center shadow-1" type="button" aria-label="Add to cart - Palermos Rising Crust Pepperoni Frozen Pizza, 30.0 oz"><i class="ld ld-Plus" style="font-size:1.5rem;vertical-align:-0.25em" title="add to cart"></i><span class="mr2">Add</span></button></div></div><div class="mt5 mb1" style="height:24px" data-testid="variant-1NG5EGEVGP7H"></div></div><div class=""><div class="flex flex-wrap justify-start items-center lh-title mb2 mb1-m"><div class="b black f5 mr1 mr2-xl lh-copy f4-l" aria-hidden="true">$5.00</div><span class="w_DY">current price $5.00</span><div class="f7 f6-l gray mr1">16.7 ¢/oz</div></div><span class="w_Bd" style="-webkit-line-clamp:3;padding-bottom:0em;margin-bottom:-0em"><span class="f6 f5-l normal dark-gray mb0 mt1 lh-title">Palermos Rising Crust Pepperoni Frozen Pizza, 30.0 oz</span></span><div class="mv2 flex items-center"><div class="f7 mr1 blue b lh-copy">Save with</div><img loading="lazy" class="pr2 flex" src="//i5.walmartimages.com/dfw/63fd9f59-ac39/29c6759d-7f14-49fa-bd3a-b870eb4fb8fb/v1/wplus-icon-blue.svg" alt="Walmart Plus" height="20" width="20"/></div><div class="mt2 mb2"><span class="w_A w_C w_B mr1 mt1 ph1">Pickup</span><span class="w_A w_C w_B mr1 mt1 ph1">Delivery</span></div></div></div></div></div></div></div></section></div><div class="w_AZ pa0" id="SEARCH-MarqueeDisplayAd-marquee2-pizza-4"></div><div class="pt3"><div class="w_AZ pa0" id="SEARCH-SponsoredProductCarousel-bottom-pizza-4"></div></div></div></div></div></div></main></div></div><span><footer class="bg-washed-blue pt5 lh-copy relative z-0"><div class="mb5 pv1 tc"><p class="f5 mt0">We’d love to hear what you think!</p><button class="w_AH w_AK w_AO" type="button">Give feedback</button></div><div class="bg-dark-blue pv4"><ul class="center flex flex-wrap justify-center list ma0 ph4 pb4 pt3" style="max-width:1280px"><li><a link-identifier="Privacy &amp; Security" href="https://corporate.walmart.com/privacy-security" class="no-underline pointer f6 white mr4" aria-label="Privacy &amp; Security - opens in a new window" target="_blank" rel="noopener noreferrer">Privacy &amp; Security</a></li><li><a link-identifier="CA Privacy Rights" href="https://corporate.walmart.com/privacy-security/california-privacy-rights" class="no-underline pointer f6 white mr4" aria-label="CA Privacy Rights - opens in a new window" target="_blank" rel="noopener noreferrer">CA Privacy Rights</a></li><li><a link-identifier="Do Not Sell My Personal Information" href="https://www.walmart.com/account/api/ccpa-intake?native=false&amp;app=gm&amp;type=sod" class="no-underline pointer f6 white mr4" aria-label="Do Not Sell My Personal Information - opens in a new window" target="_blank" rel="noopener noreferrer">Do Not Sell My Personal Information</a></li><li><a link-identifier="Request My Personal Information" href="https://www.walmart.com/account/api/ccpa-intake?native=false&amp;app=gm&amp;type=access" class="no-underline pointer f6 white mr4" aria-label="Request My Personal Information - opens in a new window" target="_blank" rel="noopener noreferrer">Request My Personal Information</a></li><li><a link-identifier="Help" class="no-underline pointer f6 white mr4" href="/help">Help</a></li><li><a link-identifier="Terms of Use" class="no-underline pointer f6 white mr4" href="/help/article/walmart-com-terms-of-use/3b75080af40340d6bbd596f116fae5a0">Terms of Use</a></li><li><a link-identifier="All Departments" class="no-underline pointer f6 white mr4" href="/all-departments">All Departments</a></li><li><a link-identifier="Store Directory" class="no-underline pointer f6 white" href="/store/directory">Store Directory</a></li></ul><div class="pt2 f7 lh-title tc white">© 2021 Walmart. All Rights Reserved.</div></div></footer></span></div></div></div><div aria-live="assertive"></div></div><script id="__NEXT_DATA__" type="application/json" nonce="UJ1pMmx1_J92o0WA">{"props":{"pageProps":{"initialData":{"moduleDataByZone":{"pillsTopZone":{"name":"0825 Guided Nav Pills","version":1,"type":"PillsModule","moduleId":"d80c120b-3158-42ac-9525-9b22e6c4fbac","schedule":{"priority":1},"matchedTrigger":{"zone":"pillsTopZone"},"configs":{"__typename":"TempoWM_GLASSWWWPillsModuleConfigs","moduleSource":"guidedNav","pillsV2":[{"title":"cheese","url":"cat_id=0\u0026guided_nav=true\u0026query=cheese%20pizza\u0026src_query=pizza\u0026s_type=ref\u0026pos=0\u0026q=cheese%20pizza","image":null,"baseSeoURL":null},{"title":"stuff crust","url":"cat_id=0\u0026guided_nav=true\u0026query=stuffed%20crust%20pizza\u0026src_query=pizza\u0026s_type=ref\u0026pos=1\u0026q=stuffed%20crust%20pizza","image":null,"baseSeoURL":null},{"title":"thin crust","url":"cat_id=0\u0026guided_nav=true\u0026query=thin%20crust%20pizza\u0026src_query=pizza\u0026s_type=ref\u0026pos=2\u0026q=thin%20crust%20pizza","image":null,"baseSeoURL":null},{"title":"cauliflower","url":"cat_id=0\u0026guided_nav=true\u0026query=cauliflower%20pizza\u0026src_query=pizza\u0026s_type=ref\u0026pos=3\u0026q=cauliflower%20pizza","image":null,"baseSeoURL":null},{"title":"tombstone","url":"cat_id=0\u0026guided_nav=true\u0026query=tombstone%20pizza\u0026src_query=pizza\u0026s_type=ref\u0026pos=4\u0026q=tombstone%20pizza","image":null,"baseSeoURL":null},{"title":"red baron","url":"cat_id=0\u0026guided_nav=true\u0026query=red%20baron%20pizza\u0026src_query=pizza\u0026s_type=ref\u0026pos=5\u0026q=red%20baron%20pizza","image":null,"baseSeoURL":null},{"title":"digiorno","url":"cat_id=0\u0026guided_nav=true\u0026query=digiorno%20pizza\u0026src_query=pizza\u0026s_type=ref\u0026pos=6\u0026q=digiorno%20pizza","image":null,"baseSeoURL":null},{"title":"marketside","url":"cat_id=0\u0026guided_nav=true\u0026query=marketside%20pizza\u0026src_query=pizza\u0026s_type=ref\u0026pos=7\u0026q=marketside%20pizza","image":null,"baseSeoURL":null},{"title":"rolls","url":"cat_id=0\u0026guided_nav=true\u0026query=pizza%20rolls\u0026src_query=pizza\u0026s_type=ref\u0026pos=8\u0026q=pizza%20rolls","image":null,"baseSeoURL":null},{"title":"crust","url":"cat_id=0\u0026guided_nav=true\u0026query=pizza%20crust\u0026src_query=pizza\u0026s_type=ref\u0026pos=9\u0026q=pizza%20crust","image":null,"baseSeoURL":null}]}},"topZone3":{"name":"Default Sort \u0026 Filter","version":3,"type":"SearchSortFilterModule","moduleId":"8d6b5e69-db36-453a-bd8a-fcf0de045072","schedule":{"priority":1},"matchedTrigger":{"zone":"topZone3"},"configs":{"__typename":"_TempoWM_GLASSWWWSearchSortFilterModuleConfigs","facetsV1":[{"name":"Sort","type":"sort","layout":"default","min":null,"max":null,"selectedMin":null,"selectedMax":null,"unboundedMax":null,"stepSize":null,"values":[{"id":"best_seller","name":"Best Seller","description":null,"type":null,"itemCount":null,"isSelected":false,"baseSeoURL":null},{"id":"best_match","name":"Best Match","description":null,"type":null,"itemCount":null,"isSelected":true,"baseSeoURL":null},{"id":"price_low","name":"Price: low to high","description":null,"type":null,"itemCount":null,"isSelected":false,"baseSeoURL":null},{"id":"price_high","name":"Price: high to low","description":null,"type":null,"itemCount":null,"isSelected":false,"baseSeoURL":null}]},{"name":"In-store","type":"fulfillment_method_in_store","layout":"pill","min":null,"max":null,"selectedMin":null,"selectedMax":null,"unboundedMax":null,"stepSize":null,"values":null},{"name":"Fulfillment Method","type":"fulfillment_method","layout":"pill","min":null,"max":null,"selectedMin":null,"selectedMax":null,"unboundedMax":null,"stepSize":null,"values":[{"id":null,"name":"Pickup","description":"We'll bring it to you curbside or come inside to pick it up.","type":null,"itemCount":0,"isSelected":null,"baseSeoURL":null},{"id":null,"name":"Delivery","description":"Get your order brought to you from a store. Free with W+.","type":null,"itemCount":0,"isSelected":null,"baseSeoURL":null},{"id":null,"name":"Shipping","description":"Get your order shipped fast via FedEx or UPS.","type":null,"itemCount":0,"isSelected":null,"baseSeoURL":null}]},{"name":"Price","type":"price","layout":"pill","min":0,"max":35,"selectedMin":null,"selectedMax":null,"unboundedMax":true,"stepSize":1,"values":null},{"name":"Brand","type":"brand","layout":"pill","min":null,"max":null,"selectedMin":null,"selectedMax":null,"unboundedMax":null,"stepSize":null,"values":[{"id":null,"name":"Great Value","description":null,"type":null,"itemCount":10,"isSelected":null,"baseSeoURL":null},{"id":null,"name":"DiGiorno","description":null,"type":null,"itemCount":26,"isSelected":null,"baseSeoURL":null},{"id":null,"name":"Red Baron","description":null,"type":null,"itemCount":24,"isSelected":null,"baseSeoURL":null},{"id":null,"name":"Totino's","description":null,"type":null,"itemCount":13,"isSelected":null,"baseSeoURL":null},{"id":null,"name":"Marketside","description":null,"type":null,"itemCount":18,"isSelected":null,"baseSeoURL":null},{"id":null,"name":"Jack's","description":null,"type":null,"itemCount":1,"isSelected":null,"baseSeoURL":null},{"id":null,"name":"Sam's Choice","description":null,"type":null,"itemCount":10,"isSelected":null,"baseSeoURL":null},{"id":null,"name":"TOMBSTONE","description":null,"type":null,"itemCount":1,"isSelected":null,"baseSeoURL":null},{"id":null,"name":"California Pizza Kitchen","description":null,"type":null,"itemCount":4,"isSelected":null,"baseSeoURL":null},{"id":null,"name":"TONY'S Pizza","description":null,"type":null,"itemCount":3,"isSelected":null,"baseSeoURL":null},{"id":null,"name":"FRESCHETTA","description":null,"type":null,"itemCount":6,"isSelected":null,"baseSeoURL":null},{"id":null,"name":"Stouffer's","description":null,"type":null,"itemCount":1,"isSelected":null,"baseSeoURL":null},{"id":null,"name":"Lunchables","description":null,"type":null,"itemCount":2,"isSelected":null,"baseSeoURL":null},{"id":null,"name":"Home Run Inn","description":null,"type":null,"itemCount":1,"isSelected":null,"baseSeoURL":null},{"id":null,"name":"Screamin' Sicilian","description":null,"type":null,"itemCount":2,"isSelected":null,"baseSeoURL":null},{"id":null,"name":"CAULIPOWER","description":null,"type":null,"itemCount":5,"isSelected":null,"baseSeoURL":null},{"id":null,"name":"Chef Boyardee","description":null,"type":null,"itemCount":1,"isSelected":null,"baseSeoURL":null},{"id":null,"name":"Lean Cuisine","description":null,"type":null,"itemCount":3,"isSelected":null,"baseSeoURL":null},{"id":null,"name":"El Monterey","description":null,"type":null,"itemCount":1,"isSelected":null,"baseSeoURL":null},{"id":null,"name":"BREW PUB","description":null,"type":null,"itemCount":1,"isSelected":null,"baseSeoURL":null},{"id":null,"name":"Motor City Pizza","description":null,"type":null,"itemCount":2,"isSelected":null,"baseSeoURL":null},{"id":null,"name":"Amy's Kitchen","description":null,"type":null,"itemCount":1,"isSelected":null,"baseSeoURL":null},{"id":null,"name":"Wild Mike's","description":null,"type":null,"itemCount":1,"isSelected":null,"baseSeoURL":null},{"id":null,"name":"Celeste","description":null,"type":null,"itemCount":1,"isSelected":null,"baseSeoURL":null}]},{"name":"Departments","type":"cat_id","layout":"default","min":null,"max":null,"selectedMin":null,"selectedMax":null,"unboundedMax":null,"stepSize":null,"values":[{"id":"976759","name":"Food","description":null,"type":"cat_id","itemCount":157,"isSelected":null,"baseSeoURL":"/browse/food/976759"}]},{"name":"Fulfillment Speed","type":"fulfillment_speed","layout":"pill","min":null,"max":null,"selectedMin":null,"selectedMax":null,"unboundedMax":null,"stepSize":null,"values":[{"id":null,"name":"Today","description":null,"type":null,"itemCount":0,"isSelected":null,"baseSeoURL":null},{"id":null,"name":"Tomorrow","description":null,"type":null,"itemCount":0,"isSelected":null,"baseSeoURL":null},{"id":null,"name":"2 days","description":null,"type":null,"itemCount":0,"isSelected":null,"baseSeoURL":null},{"id":null,"name":"Anytime","description":null,"type":null,"itemCount":0,"isSelected":null,"baseSeoURL":null}]},{"name":"Size","type":"size","layout":"default","min":null,"max":null,"selectedMin":null,"selectedMax":null,"unboundedMax":null,"stepSize":null,"values":[{"id":null,"name":"10-\"","description":null,"type":null,"itemCount":8,"isSelected":null,"baseSeoURL":null}]},{"name":"Category","type":"category","layout":"default","min":null,"max":null,"selectedMin":null,"selectedMax":null,"unboundedMax":null,"stepSize":null,"values":[{"id":null,"name":"Frozen Pizzas","description":null,"type":null,"itemCount":33,"isSelected":null,"baseSeoURL":null},{"id":null,"name":"Pizzas","description":null,"type":null,"itemCount":1,"isSelected":null,"baseSeoURL":null},{"id":null,"name":"Prepared Foods","description":null,"type":null,"itemCount":1,"isSelected":null,"baseSeoURL":null},{"id":null,"name":"Exotic Meats","description":null,"type":null,"itemCount":1,"isSelected":null,"baseSeoURL":null},{"id":null,"name":"Frozen Meals \u0026 Entrees","description":null,"type":null,"itemCount":1,"isSelected":null,"baseSeoURL":null}]},{"name":"Customer Rating","type":"customer_rating","layout":"default","min":null,"max":null,"selectedMin":null,"selectedMax":null,"unboundedMax":null,"stepSize":null,"values":[{"id":null,"name":"4 - 5 Stars","description":null,"type":null,"itemCount":0,"isSelected":null,"baseSeoURL":null},{"id":null,"name":"3 - 3.9 Stars","description":null,"type":null,"itemCount":0,"isSelected":null,"baseSeoURL":null},{"id":null,"name":"2 - 2.9 Stars","description":null,"type":null,"itemCount":0,"isSelected":null,"baseSeoURL":null},{"id":null,"name":"1 - 1.9 Stars","description":null,"type":null,"itemCount":0,"isSelected":null,"baseSeoURL":null}]},{"name":"Flavor","type":"flavor","layout":"default","min":null,"max":null,"selectedMin":null,"selectedMax":null,"unboundedMax":null,"stepSize":null,"values":[{"id":null,"name":"Cheese","description":null,"type":null,"itemCount":16,"isSelected":null,"baseSeoURL":null},{"id":null,"name":"Original","description":null,"type":null,"itemCount":1,"isSelected":null,"baseSeoURL":null}]},{"name":"Special Offers","type":"special_offers","layout":"default","min":null,"max":null,"selectedMin":null,"selectedMax":null,"unboundedMax":null,"stepSize":null,"values":[{"id":null,"name":"Clearance","description":null,"type":null,"itemCount":4,"isSelected":null,"baseSeoURL":null}]},{"name":"Special Diet Needs","type":"dietary_need","layout":"default","min":null,"max":null,"selectedMin":null,"selectedMax":null,"unboundedMax":null,"stepSize":null,"values":[{"id":null,"name":"Cholesterol-Free","description":null,"type":null,"itemCount":1,"isSelected":null,"baseSeoURL":null},{"id":null,"name":"Dairy-Free","description":null,"type":null,"itemCount":1,"isSelected":null,"baseSeoURL":null},{"id":null,"name":"GMO-Free","description":null,"type":null,"itemCount":1,"isSelected":null,"baseSeoURL":null},{"id":null,"name":"Gluten-Free","description":null,"type":null,"itemCount":8,"isSelected":null,"baseSeoURL":null},{"id":null,"name":"High Protein","description":null,"type":null,"itemCount":2,"isSelected":null,"baseSeoURL":null},{"id":null,"name":"Kosher","description":null,"type":null,"itemCount":2,"isSelected":null,"baseSeoURL":null},{"id":null,"name":"Organic","description":null,"type":null,"itemCount":2,"isSelected":null,"baseSeoURL":null},{"id":null,"name":"Soy-Free","description":null,"type":null,"itemCount":1,"isSelected":null,"baseSeoURL":null},{"id":null,"name":"Trans Fat-Free","description":null,"type":null,"itemCount":2,"isSelected":null,"baseSeoURL":null},{"id":null,"name":"Vegan","description":null,"type":null,"itemCount":6,"isSelected":null,"baseSeoURL":null},{"id":null,"name":"Wheat-Free","description":null,"type":null,"itemCount":3,"isSelected":null,"baseSeoURL":null},{"id":null,"name":"Whole Grain","description":null,"type":null,"itemCount":2,"isSelected":null,"baseSeoURL":null}]},{"name":"Nutritional Content","type":"nutrient_content_claims","layout":"default","min":null,"max":null,"selectedMin":null,"selectedMax":null,"unboundedMax":null,"stepSize":null,"values":[{"id":null,"name":"Cholesterol-Free","description":null,"type":null,"itemCount":1,"isSelected":null,"baseSeoURL":null},{"id":null,"name":"Dairy-Free","description":null,"type":null,"itemCount":1,"isSelected":null,"baseSeoURL":null},{"id":null,"name":"GMO-Free","description":null,"type":null,"itemCount":1,"isSelected":null,"baseSeoURL":null},{"id":null,"name":"Gluten-Free","description":null,"type":null,"itemCount":8,"isSelected":null,"baseSeoURL":null},{"id":null,"name":"High Protein","description":null,"type":null,"itemCount":2,"isSelected":null,"baseSeoURL":null},{"id":null,"name":"Kosher","description":null,"type":null,"itemCount":2,"isSelected":null,"baseSeoURL":null},{"id":null,"name":"ORGANIC","description":null,"type":null,"itemCount":2,"isSelected":null,"baseSeoURL":null},{"id":null,"name":"Organic","description":null,"type":null,"itemCount":2,"isSelected":null,"baseSeoURL":null},{"id":null,"name":"Soy-Free","description":null,"type":null,"itemCount":1,"isSelected":null,"baseSeoURL":null},{"id":null,"name":"Trans Fat-Free","description":null,"type":null,"itemCount":2,"isSelected":null,"baseSeoURL":null},{"id":null,"name":"Vegan","description":null,"type":null,"itemCount":6,"isSelected":null,"baseSeoURL":null},{"id":null,"name":"Wheat-Free","description":null,"type":null,"itemCount":3,"isSelected":null,"baseSeoURL":null},{"id":null,"name":"Whole Grain","description":null,"type":null,"itemCount":2,"isSelected":null,"baseSeoURL":null}]},{"name":"Retailer","type":"retailer_type","layout":"default","min":null,"max":null,"selectedMin":null,"selectedMax":null,"unboundedMax":null,"stepSize":null,"values":[{"id":null,"name":"Walmart","description":null,"type":null,"itemCount":171,"isSelected":null,"baseSeoURL":null},{"id":null,"name":"Pro Sellers","description":null,"type":null,"itemCount":1,"isSelected":null,"baseSeoURL":null}]},{"name":"Benefit Cards","type":"snap_eligible","layout":"default","min":null,"max":null,"selectedMin":null,"selectedMax":null,"unboundedMax":null,"stepSize":null,"values":[{"id":null,"name":"EBT food eligible","description":null,"type":null,"itemCount":171,"isSelected":null,"baseSeoURL":null}]}]}},"bottomZone1":{"name":"Marquee Display Ad BTF","version":3,"type":"MarqueeDisplayAd","moduleId":"986350d5-0bd6-4feb-916f-b7081f246aeb","schedule":{"priority":1},"matchedTrigger":{"zone":"bottomZone1"},"configs":{"__typename":"TempoWM_GLASSWWWMarqueeDisplayAdConfigs","_rawConfigs":{"moduleLocation":"marquee2","lazy":"1000"},"ad":null}},"topZone2":{"name":"Search Brand Amplifier Ad","version":2,"type":"BrandAmplifierAd","moduleId":"ce73cb9e-2029-4083-80c4-d6aced706cf0","schedule":{"priority":1},"matchedTrigger":{"zone":"topZone2"},"configs":{"__typename":"TempoWM_GLASSWWWBrandAmplifierAdConfigs","_rawConfigs":{"moduleLocation":"top"},"moduleLocation":"top","ad":{"status":"SUCCESS","moduleType":"BrandAmplifierAd","platform":"DESKTOP","pageId":"pizza","pageType":"SEARCH","storeId":"999","stateCode":"TX","zipCode":"78242","pageContext":{"searchNormalize":{"normalized_query":"pizza","original_query":"pizza","rewritten_query":"pizza","specificity":"broad","top_query_cat_path":"/976759/976791/5774679/3790397","top_query_cat_path_name":"/Food/Frozen Foods/Frozen Pizza, Pasta, \u0026 Breads/Frozen Meat Pizzas","analytics_log":{"fe_log":{"tq":1,"dept":"/976759/976791/5774679/3790397","g":"S","s":"b","trf":"ht"}}}},"moduleConfigs":{"moduleLocation":"top"},"adsContext":{"locationContext":{"zipCode":"78242","stateCode":"TX","storeId":"999","pickupStore":null,"deliveryStore":null,"intent":null,"incatchment":true},"itemId":"","categoryId":"976759_976791_5774679_3790397","categoryName":"Food/Frozen Foods/Frozen Pizza, Pasta, \u0026 Breads/Frozen Meat Pizzas","brand":"","productName":"","productTypeId":"","normKeyword":"pizza","verticalId":"","dedupeList":[""]},"adRequestComposite":{"isDebug":false,"isManualShelf":false,"keyword":"pizza"},"adContent":{"type":"SPONSORED_PRODUCTS","data":{"__typename":"SponsoredBrands","adUuid":"765b2a43-1fa7-4ad1-9833-82d7a424d128","adExpInfo":null,"moduleInfo":"{\"adExpId\":\"\",\"bucketId\":\"2243\"}","brands":[]}}}}},"topZone5":{"name":"Search Fitment Module","version":2,"type":"SearchFitment","moduleId":"4e756e28-80b7-499d-aae4-b46bbc21b554","schedule":{"priority":1},"matchedTrigger":{"zone":"topZone5"},"configs":{"__typename":"TempoWM_GLASSWWWSearchFitmentModuleConfigs","fitments":null}},"topZone6":{"name":"Search Non Item Module","version":1,"type":"SearchNonItem","moduleId":"8a6208c9-6ee9-4d9e-96a3-3b2cad2d690e","schedule":{"priority":1},"matchedTrigger":{"zone":"topZone6"},"configs":{"title":null,"subTitle":null,"urlLinkText":null,"url":null,"__typename":"TempoWM_GLASSWWWSearchNonItemConfigs"}},"topZone1":{"name":"Skyline Display Ad","version":2,"type":"SkylineDisplayAd","moduleId":"d82a07bd-471a-46ef-9926-63ae0bd7dbc2","schedule":{"priority":1},"matchedTrigger":{"zone":"topZone1"},"configs":{"__typename":"TempoWM_GLASSWWWSkylineDisplayAdConfigs","_rawConfigs":{"moduleLocation":"top"},"ad":{"status":"SUCCESS","moduleType":"SkylineDisplayAd","platform":"DESKTOP","pageId":"pizza","pageType":"SEARCH","storeId":"999","stateCode":"TX","zipCode":"78242","pageContext":{"searchNormalize":{"normalized_query":"pizza","original_query":"pizza","rewritten_query":"pizza","specificity":"broad","top_query_cat_path":"/976759/976791/5774679/3790397","top_query_cat_path_name":"/Food/Frozen Foods/Frozen Pizza, Pasta, \u0026 Breads/Frozen Meat Pizzas","analytics_log":{"fe_log":{"tq":1,"dept":"/976759/976791/5774679/3790397","g":"S","s":"b","trf":"ht"}}}},"moduleConfigs":{"moduleLocation":"top"},"adsContext":{"locationContext":{"zipCode":"78242","stateCode":"TX","storeId":"999","pickupStore":null,"deliveryStore":null,"intent":null,"incatchment":true},"itemId":"","categoryId":"976759_976791_5774679_3790397","categoryName":"Food/Frozen Foods/Frozen Pizza, Pasta, \u0026 Breads/Frozen Meat Pizzas","brand":"","productName":"","productTypeId":"","normKeyword":"pizza","verticalId":"","dedupeList":[""]},"adRequestComposite":{"isDebug":false,"isManualShelf":false,"keyword":"pizza"},"adContent":{"type":"DISPLAY_AD","data":{"__typename":"DisplayAd","json":{"uuId":"4a0007d0-2935-420a-95fc-8f5e881a03fb","subhead":"Tasty \u0026 crunchy toppings.","cta":"Shop now","mainImage":"","orderID":"2890323063","viewIVT3PURL1":"","adUnitID":"22268430597","viewIVT3PVendor2":"","viewIVT3PVendor1":"","logoImage":"https://tpc.googlesyndication.com/simgad/14380756469758192135?","impTracker3PURL1":"","advertiserID":"5002622133","headline":"Crusts worth craving","imageAltText":"Crunchy toppings \u0026 melty mozzarella from Freschetta.","impTracker3PURL3":"","logoAltText":"Freschetta","viewIVT3PURL2":"","impTracker3PURL2":"","IMPRESSION_URLS":["https://securepubads.g.doubleclick.net/pcs/view?xai=AKAOjssBLjABonylAEZ0SJurDK-TQCxagWL2b5TGYeWzS2SN7pw0SSPXiQcCnk4m1z_pzU2p4trQUy1DyEdHYG1LgxbWTSt8eH9srtU2C9GLHGXUcfSbBYfWctkZvERfjg8Mo231k-pY64XuEEwCBBtKmoJBuoRYeL4ncPqRxPbhFfqqehN1UT-s3OlrJWoN5tHwnb8H0NG86PmJtIVJxcn9In0BiwTy2BJ9I_EVSM0UVDPSA5t8ZeB1ZE9wwnU90fX9i89gU6cGiLgVyxPCVMxV-79Tvm5zdgK5qDsuF5fcngiNC5t17Nl6sqRCTsPntFXxC7l1v6k8E__8i0SVRJbdqyIVjg2TYUabptGOamvKMUnvHbsqGAU\u0026sai=AMfl-YRvGisZlOPn_sGQ0Ng9FfPtcWLofGhRYNIn3k7yIGZ7P_eSJlrtWbcaevgTtS0rT9Fi7-doXOgZeFFq21fP7_8D-na9XePrnWVHVcvv-ZuQ7HlGbEE\u0026sig=Cg0ArKJSzPVkw68njUOyEAE\u0026uach_m=[UACH]\u0026urlfix=1\u0026adurl="],"DEST_URL":"https://adclick.g.doubleclick.net/pcs/click?xai=AKAOjsusEGWNl8HUUE8SnypxE_59QcQqHQl5nOoBCWucx2JNerZWLQ9Zi8_B8iLaNxBc2Oqt_ilvHwjYbefgDAuu1VOhm1stDXyVLEdP3sbXXqk6ZBcqhASZJ6J1WTtIDE62tra5a7o_Ygq73j1HJYSXtpwTViIgy21bHAfxci09E6wCSi6UTHlnoc7qDxIOKzA5Cb6yqdAOfwwDJTTZDKRVENCtDcwN24VRMfirkGahFJey_MjA0Q02zpHMnU0eQWyXEQT75WFTQxPzs2UwvMrEYL1oZy6osBBnTaecN6WtOAa7nSHK40j0fRolmO-GqmzrA-S2wUxuKKYSKQ2rt_pN0bkFDv0k1HkTnR08ESDV\u0026sai=AMfl-YQyWQf5Sc74yqoA2jAb7pOVapi3F9O831zhOL3Mrdkan7lFJYbYEiVruzphOajNcwjImsCKxQZGHBbYovowFVH5HUlB7JSgZXE6xsxf\u0026sig=Cg0ArKJSzFqCYQWbLtagEAE\u0026fbs_aeid=[gw_fbsaeid]\u0026urlfix=1\u0026adurl=https://www.walmart.com/browse/freschetta-pizza/0/0/%3F_refineresult%3Dtrue%26_be_shelf_id%3D5381166%26search_sort%3D100%26facet%3Dshelf_id:5381166","metaData":{"custom_template_id":"12009286","cacheBuster":1634251514184,"dfpParams":{"correlator":"245113119659","native_custom_templates":"12009286,11759350,12050531,11759350","userAgent":"Mozilla/5.0 (Windows NT 10.0; Win64; x64) AppleWebKit/537.36 (KHTML, like Gecko) Chrome/94.0.4606.81 Safari/537.36","clientIp":"24.242.57.82","dfpTag":"/55875582/WMUS/search/food/frozenfoods/frozenpizzapastabreads/frozenmeatpizzas","targeting":{"env":"prod","ivt":"","correlator":"2-qwAa5d4LeAYFxXzGnbSTNxfTMRVtHGUWHb","ptype":"search","login":"no","s2s":"true","framework":"glass","wmppid":"d1fd2bb3fb46e62d22d25f683bfb3e8e3d49b849c4810fb2754d381a47371d59","usrTax":"976759_976791_5774679_3790397","categoryId":"3790397","catPathName":"Food/Frozen Foods/Frozen Pizza, Pasta, \u0026 Breads/Frozen Meat Pizzas","xpa":"CrlKe,LVOQy,Lqf76,OcF91,Si9iN,_51B3,hmexM,iYZS1,mFXBT,rPe7R,vE-E8,wTIF0,zgen4","vtc":"YgorzntHIaanZRL5u-_vtw","vtcBucket":"1","bstc":"cEMqbsWPuJsoZ284x12ifo","ivtTorbot":"zinc=???SBC?????EJADHI@AF??; asn=11427; country=US; usertype=residential;","ivtScore":"0","location":"skyline1","tile":"1","search":"pizza","sessId":"4a0007d0-2935-420a-95fc-8f5e881a03fb-skyline1"}},"dfpResponse":{"googleLineitemId":"5758830613","googleCreativeId":"138360304289"},"isInternal":false,"beaconDebug":{"ip":"24.242.57.82","forwardedIP":"24.242.57.82","cacheBuster":1634251514184}}},"status":"SUCCESS"}}}}},"bottomZone2":{"name":"Sponsored Product Carousel - rweb","version":2,"type":"SponsoredProductCarousel","moduleId":"304f501d-075d-4a59-89aa-6e23bf0fdb64","schedule":{"priority":1},"matchedTrigger":{"zone":"bottomZone2"},"configs":{"__typename":"TempoWM_GLASSWWWSponsoredProductCarouselConfigs","_rawConfigs":{"title":"Products you may also like","moduleLocation":"bottom","lazy":"1000"}}}},"layoutContainerData":{"type":"container","flow":"vertical","content":[{"type":"container","flow":"vertical","content":{"type":"slot","id":"top","mapping":[{"type":"ZONE","options":{"refId":"topZone1"}},{"type":"ZONE","options":{"refId":"topZone2"}},{"type":"ZONE","options":{"refId":"topZone3"}},{"type":"ZONE","options":{"refId":"pillsTopZone"}},{"type":"ZONE","options":{"refId":"topZone4"}},{"type":"ZONE","options":{"refId":"topZone5"}},{"type":"ZONE","options":{"refId":"topZone6"}},{"type":"ZONE","options":{"refId":"topZone7"}}]}},{"type":"container","flow":"vertical","content":{"type":"slot","id":"stacks","mapping":[{"type":"EXTERNAL","options":{"refId":"stacks1","tempoLabel":"Stacks Zone","displayInTempo":true}},{"type":"ZONE","options":{"refId":"bottomZone1"}},{"type":"ZONE","options":{"refId":"bottomZone2"}},{"type":"ZONE","options":{"refId":"bottomZone3"}},{"type":"ZONE","options":{"refId":"bottomZone4"}},{"type":"ZONE","options":{"refId":"bottomZone5"}}]}}]},"searchResult":{"title":"Results for \"pizza\"","aggregatedCount":186,"breadCrumb":null,"debug":{"sisUrl":"http://search-interface.walmart.net/v1/search?query=pizza\u0026facet=\u0026stores=999\u0026cat_id=\u0026sort=best_match\u0026page=4\u0026min_price=\u0026max_price=\u0026spelling=true\u0026ptss=\u0026trsp=\u0026prg=desktop\u0026affinityOverride=store_led\u0026storeSlotBooked=\u0026stateOrProvinceCode=TX\u0026ps=40\u0026zipcode=78242\u0026recall_set=\u0026inCatchment=true\u0026latitude=29.3531\u0026longitude=-98.614\u0026extended_zipcode=78242\u0026addressId="},"itemStacks":[{"displayMessage":null,"meta":{"adsBeacon":{"adUuid":"9x7T2X2NkAlzFxnUqTu4knGVBVDr3kXugc9K","moduleInfo":"{\"adUuid\":\"9x7T2X2NkAlzFxnUqTu4knGVBVDr3kXugc9K\"}","max_ads":8},"query":"pizza","stackId":0,"stackType":"STORE_LED","title":null,"layoutEnum":"GRID","totalItemCount":null,"totalItemCountDisplay":null,"viewAllParams":null},"itemsV2":null,"title":"","totalItemCountDisplay":"","count":0,"items":[{"__typename":"Product","availabilityStatusDisplayValue":"In stock","productLocationDisplayValue":null,"externalInfoUrl":"","canonicalUrl":"/ip/Life-Cuisine-Pepperoni-Cauliflower-Crust-Pizza-6-oz/562455119","canAddToCart":true,"showOptions":false,"description":"\u003cli\u003eLife Cuisine Cauliflower Crust Pepperoni Frozen Pizza lets you enjoy a delicious, gluten free meal. Life Cuisine is a new brand from the chefs that also bring you Lean Cuisine. This personal pizza\u003c/li\u003e","flag":"","fulfillmentBadges":["Pickup","Delivery"],"fulfillmentIcon":{"key":"SAVE_WITH_W_PLUS","label":"Save with"},"fulfillmentBadge":"Today","fulfillmentSpeed":["TODAY"],"fulfillmentType":"STORE","id":"56VT2YKA82NP","usItemId":"562455119","image":"https://i5.walmartimages.com/asr/a1cf9849-3499-49fc-9880-415b0640337d.f1a2a567ac3772945ab0c56f4502830b.jpeg?odnHeight=180\u0026odnWidth=180\u0026odnBg=ffffff","isOutOfStock":false,"esrb":"","mediaRating":"","name":"Life Cuisine Pepperoni Cauliflower Crust Pizza 6 oz.","price":4.18,"preOrder":{"isPreOrder":false,"preOrderMessage":null,"preOrderStreetDateMessage":null},"priceInfo":{"itemPrice":"","linePrice":"$4.18","wasPrice":"","unitPrice":"69.7 ¢/oz","shipPrice":"","minPriceForVariant":"","subscriptionPrice":"","subscriptionString":"","priceDisplayCondition":"","finalCostByWeight":false,"submapType":""},"rating":{"averageRating":0,"numberOfReviews":0},"salesUnit":"EACH","variantList":[],"isVariantTypeSwatch":false,"brand":null,"manufacturerName":null,"offerId":"8121F9F6B6B8418FA5BCD8795E76F0C5","fitmentLabel":"","isAtfMarker":false,"sellerId":"F55CDC31AB754BB68FE0B39041159D63","sellerName":"Walmart.com","hasSellerBadge":null,"seller":{"name":"Walmart.com","sellerId":"F55CDC31AB754BB68FE0B39041159D63"},"sponsoredProduct":{"spQs":"YByWmRO1HD17S7e6Tve-TvuCcw0DPP8VcwTYmgB-rDmIdmCMAqHVfBtO3c5KnpHPSYLPc0xZ-3bOfggIGYSk5gmisLcHsBW1A1NKu8A9f6E","clickBeacon":"https://wrd.walmart.com/track?spQs=YByWmRO1HD17S7e6Tve-TvuCcw0DPP8VcwTYmgB-rDmIdmCMAqHVfBtO3c5KnpHPSYLPc0xZ-3bOfggIGYSk5gmisLcHsBW1A1NKu8A9f6E\u0026eventST=__eventST__\u0026plmt=__plmt__\u0026rdf=0\u0026tax=976759_976791_5774679_3790397\u0026pltfm=desktop\u0026pt=search\u0026mloc=sp-search-middle\u0026storeId=999\u0026adUid=9x7T2X2NkAlzFxnUqTu4knGVBVDr3kXugc9K\u0026bt=__bt__\u0026pgId=pizza\u0026pos=__pos__","spTags":null}},{"__typename":"Product","availabilityStatusDisplayValue":"In stock","productLocationDisplayValue":null,"externalInfoUrl":"","canonicalUrl":"/ip/Life-Cuisine-Cauliflower-Crust-Three-Cheese-Frozen-Pizza-6-oz/826896792","canAddToCart":true,"showOptions":false,"description":"\u003cli\u003eEnjoy Life Cuisine Cauliflower Crust Three Cheese Frozen Pizza for a delicious gluten free meal. This personal pizza features a cauliflower crust, tomato sauce and mozzarella, parmesan, and asiago\u003c/li\u003e","flag":"","fulfillmentBadges":["Pickup","Delivery"],"fulfillmentIcon":{"key":"SAVE_WITH_W_PLUS","label":"Save with"},"fulfillmentBadge":"Today","fulfillmentSpeed":["TODAY"],"fulfillmentType":"STORE","id":"1EFA0XGOLCD3","usItemId":"826896792","image":"https://i5.walmartimages.com/asr/db45ebd9-5748-4537-9ae9-c12dfc9b4cf9.48993c48fad3b8dca064727fd9c1c6f3.jpeg?odnHeight=180\u0026odnWidth=180\u0026odnBg=ffffff","isOutOfStock":false,"esrb":"","mediaRating":"","name":"Life Cuisine Cauliflower Crust Three Cheese Frozen Pizza 6 oz.","price":4.18,"preOrder":{"isPreOrder":false,"preOrderMessage":null,"preOrderStreetDateMessage":null},"priceInfo":{"itemPrice":"","linePrice":"$4.18","wasPrice":"","unitPrice":"69.7 ¢/oz","shipPrice":"","minPriceForVariant":"","subscriptionPrice":"","subscriptionString":"","priceDisplayCondition":"","finalCostByWeight":false,"submapType":""},"rating":{"averageRating":0,"numberOfReviews":0},"salesUnit":"EACH","variantList":[],"isVariantTypeSwatch":false,"brand":null,"manufacturerName":null,"offerId":"ED22E43D4478491DA751F7B81F97DBAC","fitmentLabel":"","isAtfMarker":false,"sellerId":"F55CDC31AB754BB68FE0B39041159D63","sellerName":"Walmart.com","hasSellerBadge":null,"seller":{"name":"Walmart.com","sellerId":"F55CDC31AB754BB68FE0B39041159D63"},"sponsoredProduct":{"spQs":"YByWmRO1HD17S7e6Tve-TmIp01MY7zg3SZt3Ui9K4PSIdmCMAqHVfBtO3c5KnpHPL1K6L9JLtnTsk_TiXSFSBFcPQum0E7PmVfC-JW4pMcY","clickBeacon":"https://wrd.walmart.com/track?spQs=YByWmRO1HD17S7e6Tve-TmIp01MY7zg3SZt3Ui9K4PSIdmCMAqHVfBtO3c5KnpHPL1K6L9JLtnTsk_TiXSFSBFcPQum0E7PmVfC-JW4pMcY\u0026eventST=__eventST__\u0026plmt=__plmt__\u0026rdf=0\u0026tax=976759_976791_5774679_3790397\u0026pltfm=desktop\u0026pt=search\u0026mloc=sp-search-middle\u0026storeId=999\u0026adUid=9x7T2X2NkAlzFxnUqTu4knGVBVDr3kXugc9K\u0026bt=__bt__\u0026pgId=pizza\u0026pos=__pos__","spTags":null}},{"__typename":"Product","availabilityStatusDisplayValue":"In stock","productLocationDisplayValue":null,"externalInfoUrl":"","canonicalUrl":"/ip/Quest-Nutrition-Thin-Crust-Pizza-Uncured-Pepperoni-11-4-Oz-Frozen/631331370","canAddToCart":true,"showOptions":false,"description":"\u003cli\u003eYOU DESERVE PIZZA: Quest Uncured Pepperoni Thin Crust Pizza is topped with mozzarella and pecorino romano cheeses with sauce on a custom, flourless crust recipe with 28g protein and 6g net carbs\u003c/li\u003e","flag":"","fulfillmentBadges":["Pickup","Delivery"],"fulfillmentIcon":{"key":"SAVE_WITH_W_PLUS","label":"Save with"},"fulfillmentBadge":"Today","fulfillmentSpeed":["TODAY"],"fulfillmentType":"STORE","id":"5DRDZ4JW5R6V","usItemId":"631331370","image":"https://i5.walmartimages.com/asr/3f6a05cc-3f7a-4298-a24b-0944132b048d.542ebe0101bdd153a93bd22b3f5589ee.jpeg?odnHeight=180\u0026odnWidth=180\u0026odnBg=ffffff","isOutOfStock":false,"esrb":"","mediaRating":"","name":"Quest Nutrition Thin Crust Pizza Uncured Pepperoni, 11.4 Oz (Frozen)","price":7.2,"preOrder":{"isPreOrder":false,"preOrderMessage":null,"preOrderStreetDateMessage":null},"priceInfo":{"itemPrice":"","linePrice":"$7.20","wasPrice":"","unitPrice":"63.2 ¢/oz","shipPrice":"","minPriceForVariant":"","subscriptionPrice":"","subscriptionString":"","priceDisplayCondition":"","finalCostByWeight":false,"submapType":""},"rating":{"averageRating":0,"numberOfReviews":0},"salesUnit":"EACH","variantList":[],"isVariantTypeSwatch":false,"brand":null,"manufacturerName":null,"offerId":"C69007AEF0FA484287DBC1D9C1D32258","fitmentLabel":"","isAtfMarker":false,"sellerId":"F55CDC31AB754BB68FE0B39041159D63","sellerName":"Walmart.com","hasSellerBadge":null,"seller":{"name":"Walmart.com","sellerId":"F55CDC31AB754BB68FE0B39041159D63"},"sponsoredProduct":null},{"__typename":"Product","availabilityStatusDisplayValue":"In stock","productLocationDisplayValue":null,"externalInfoUrl":"","canonicalUrl":"/ip/Red-Baron-Four-Cheese-Pizza-Melt-5-34-oz/899570684","canAddToCart":true,"showOptions":false,"description":"\u003cli\u003eRed Baron Four Cheese Pizza Meltsandwich the bold pizza flavors you love between two pieces of crispy toast\u003c/li\u003e\u003cli\u003eCrispy toast loaded with zesty tomato sauce, mozzarella, cheddar, provolone, and\u003c/li\u003e","flag":"","fulfillmentBadges":["Pickup","Delivery"],"fulfillmentIcon":{"key":"SAVE_WITH_W_PLUS","label":"Save with"},"fulfillmentBadge":"Today","fulfillmentSpeed":["TODAY"],"fulfillmentType":"STORE","id":"4GTQL89ZH6Q9","usItemId":"899570684","image":"https://i5.walmartimages.com/asr/520697ad-706a-4db3-a910-998f4d66b2fb.b3e2762a50eee947e687e5e8d714b2f3.jpeg?odnHeight=180\u0026odnWidth=180\u0026odnBg=ffffff","isOutOfStock":false,"esrb":"","mediaRating":"","name":"Red Baron Four Cheese Pizza Melt, 5.34 oz","price":2.97,"preOrder":{"isPreOrder":false,"preOrderMessage":null,"preOrderStreetDateMessage":null},"priceInfo":{"itemPrice":"","linePrice":"$2.97","wasPrice":"","unitPrice":"55.6 ¢/oz","shipPrice":"","minPriceForVariant":"","subscriptionPrice":"","subscriptionString":"","priceDisplayCondition":"","finalCostByWeight":false,"submapType":""},"rating":{"averageRating":0,"numberOfReviews":0},"salesUnit":"EACH","variantList":[],"isVariantTypeSwatch":false,"brand":null,"manufacturerName":null,"offerId":"D7EFE4E55A6346F1B77C4DC736E3414D","fitmentLabel":"","isAtfMarker":false,"sellerId":"F55CDC31AB754BB68FE0B39041159D63","sellerName":"Walmart.com","hasSellerBadge":null,"seller":{"name":"Walmart.com","sellerId":"F55CDC31AB754BB68FE0B39041159D63"},"sponsoredProduct":null},{"__typename":"Product","availabilityStatusDisplayValue":"In stock","productLocationDisplayValue":null,"externalInfoUrl":"","canonicalUrl":"/ip/Palermo-s-Rising-Crust-Hawaiian-Style-Frozen-Pizza-30-2-oz/755450887","canAddToCart":true,"showOptions":false,"description":"Palermos Rc Hawaiian","flag":"","fulfillmentBadges":["Pickup","Delivery"],"fulfillmentIcon":{"key":"SAVE_WITH_W_PLUS","label":"Save with"},"fulfillmentBadge":"Today","fulfillmentSpeed":["TODAY"],"fulfillmentType":"STORE","id":"3NHZBPO6R2W7","usItemId":"755450887","image":"https://i5.walmartimages.com/asr/c68a6885-90a4-4670-aded-f288aa018c3d.3125ec1d1cf2dd892c4d8a87625424d8.jpeg?odnHeight=180\u0026odnWidth=180\u0026odnBg=ffffff","isOutOfStock":false,"esrb":"","mediaRating":"","name":"Palermo's Rising Crust Hawaiian Style Frozen Pizza 30.2 oz","price":5,"preOrder":{"isPreOrder":false,"preOrderMessage":null,"preOrderStreetDateMessage":null},"priceInfo":{"itemPrice":"","linePrice":"$5.00","wasPrice":"","unitPrice":"16.6 ¢/oz","shipPrice":"","minPriceForVariant":"","subscriptionPrice":"","subscriptionString":"","priceDisplayCondition":"","finalCostByWeight":false,"submapType":""},"rating":{"averageRating":0,"numberOfReviews":0},"salesUnit":"EACH","variantList":[],"isVariantTypeSwatch":false,"brand":null,"manufacturerName":null,"offerId":"572B37ACAF3642BD981D14C632F8E94A","fitmentLabel":"","isAtfMarker":false,"sellerId":"F55CDC31AB754BB68FE0B39041159D63","sellerName":"Walmart.com","hasSellerBadge":null,"seller":{"name":"Walmart.com","sellerId":"F55CDC31AB754BB68FE0B39041159D63"},"sponsoredProduct":null},{"__typename":"Product","availabilityStatusDisplayValue":"In stock","productLocationDisplayValue":null,"externalInfoUrl":"","canonicalUrl":"/ip/Sam-s-Choice-Thin-Crust-Supreme-Pizza-21-7-oz/822261810","canAddToCart":true,"showOptions":false,"description":"\u003cli\u003eZesty tomato sauce, whole milk mozzarella, Italian sausage, pepperoni, onions, green peppers, red peppers, black olives, parmesan and romano cheese on a thin crust\u003c/li\u003e\u003cli\u003eUSDA inspected\u003c/li\u003e","flag":"","fulfillmentBadges":["Pickup","Delivery"],"fulfillmentIcon":{"key":"SAVE_WITH_W_PLUS","label":"Save with"},"fulfillmentBadge":"Today","fulfillmentSpeed":["TODAY"],"fulfillmentType":"STORE","id":"3M8NK3R3PT2R","usItemId":"822261810","image":"https://i5.walmartimages.com/asr/925e09c4-7ae2-45a2-99a9-38dd8cdf9554.d81e463e22e9edcc3739bed3efd81089.jpeg?odnHeight=180\u0026odnWidth=180\u0026odnBg=ffffff","isOutOfStock":false,"esrb":"","mediaRating":"","name":"Sam's Choice Thin Crust Supreme Pizza, 21.7 oz","price":5,"preOrder":{"isPreOrder":false,"preOrderMessage":null,"preOrderStreetDateMessage":null},"priceInfo":{"itemPrice":"","linePrice":"$5.00","wasPrice":"","unitPrice":"23.0 ¢/oz","shipPrice":"","minPriceForVariant":"","subscriptionPrice":"","subscriptionString":"","priceDisplayCondition":"","finalCostByWeight":false,"submapType":""},"rating":{"averageRating":0,"numberOfReviews":0},"salesUnit":"EACH","variantList":[],"isVariantTypeSwatch":false,"brand":null,"manufacturerName":null,"offerId":"36187D22782443AD8AD138852154D84D","fitmentLabel":"","isAtfMarker":false,"sellerId":"F55CDC31AB754BB68FE0B39041159D63","sellerName":"Walmart.com","hasSellerBadge":null,"seller":{"name":"Walmart.com","sellerId":"F55CDC31AB754BB68FE0B39041159D63"},"sponsoredProduct":null},{"__typename":"Product","availabilityStatusDisplayValue":"In stock","productLocationDisplayValue":null,"externalInfoUrl":"","canonicalUrl":"/ip/Sam-s-Choice-Thin-Crust-4-Meat-Pizza-20-16-oz/140254054","canAddToCart":true,"showOptions":false,"description":"\u003cli\u003eZesty tomato sauce, whole milk mozzarella, Italian sausage, pepperoni, julienne ham, and chopped smoked bacon strips on a thin crust\u003c/li\u003e\u003cli\u003eUSDA inspected\u003c/li\u003e\u003cli\u003e16 grams of protein per serving\u003c/li\u003e","flag":"","fulfillmentBadges":["Pickup","Delivery"],"fulfillmentIcon":{"key":"SAVE_WITH_W_PLUS","label":"Save with"},"fulfillmentBadge":"Today","fulfillmentSpeed":["TODAY"],"fulfillmentType":"STORE","id":"0ZZ9R9SAVS20","usItemId":"140254054","image":"https://i5.walmartimages.com/asr/6ee17c4b-fa78-4b49-bc64-465ccbe02c13.d552aecafaefae087a1503c33f0d153e.jpeg?odnHeight=180\u0026odnWidth=180\u0026odnBg=ffffff","isOutOfStock":false,"esrb":"","mediaRating":"","name":"Sam's Choice Thin Crust 4 Meat Pizza, 20.16 oz","price":5,"preOrder":{"isPreOrder":false,"preOrderMessage":null,"preOrderStreetDateMessage":null},"priceInfo":{"itemPrice":"","linePrice":"$5.00","wasPrice":"","unitPrice":"24.8 ¢/oz","shipPrice":"","minPriceForVariant":"","subscriptionPrice":"","subscriptionString":"","priceDisplayCondition":"","finalCostByWeight":false,"submapType":""},"rating":{"averageRating":0,"numberOfReviews":0},"salesUnit":"EACH","variantList":[],"isVariantTypeSwatch":false,"brand":null,"manufacturerName":null,"offerId":"33FC6813C1C94EC2808BDD5CC3E6543B","fitmentLabel":"","isAtfMarker":false,"sellerId":"F55CDC31AB754BB68FE0B39041159D63","sellerName":"Walmart.com","hasSellerBadge":null,"seller":{"name":"Walmart.com","sellerId":"F55CDC31AB754BB68FE0B39041159D63"},"sponsoredProduct":null},{"__typename":"Product","availabilityStatusDisplayValue":"In stock","productLocationDisplayValue":null,"externalInfoUrl":"","canonicalUrl":"/ip/Sam-s-Choice-Thin-Crust-Cheese-Pizza-19-1-oz/633500797","canAddToCart":true,"showOptions":false,"description":"\u003cli\u003eZesty tomato sauce, fresh mozzarella slices, whole milk mozzarella, white cheddar, provolone, parmesan, romano and asiago cheeses and a blend of spices and herbs\u003c/li\u003e\u003cli\u003eThin Crust\u003c/li\u003e\u003cli\u003eMore\u003c/li\u003e","flag":"","fulfillmentBadges":["Pickup","Delivery"],"fulfillmentIcon":{"key":"SAVE_WITH_W_PLUS","label":"Save with"},"fulfillmentBadge":"Today","fulfillmentSpeed":["TODAY"],"fulfillmentType":"STORE","id":"5EKW5CIE7MBP","usItemId":"633500797","image":"https://i5.walmartimages.com/asr/06c23172-3214-4133-9e60-6444ee7b5654_4.fe8290313b41cb4f0c81ed30f1ea0a64.jpeg?odnHeight=180\u0026odnWidth=180\u0026odnBg=ffffff","isOutOfStock":false,"esrb":"","mediaRating":"","name":"Sam's Choice Thin Crust Cheese Pizza, 19.1 oz","price":5,"preOrder":{"isPreOrder":false,"preOrderMessage":null,"preOrderStreetDateMessage":null},"priceInfo":{"itemPrice":"","linePrice":"$5.00","wasPrice":"","unitPrice":"26.2 ¢/oz","shipPrice":"","minPriceForVariant":"","subscriptionPrice":"","subscriptionString":"","priceDisplayCondition":"","finalCostByWeight":false,"submapType":""},"rating":{"averageRating":0,"numberOfReviews":0},"salesUnit":"EACH","variantList":[],"isVariantTypeSwatch":false,"brand":null,"manufacturerName":null,"offerId":"15EA5C399DF044CC8EC8B2B6C7AEA526","fitmentLabel":"","isAtfMarker":false,"sellerId":"F55CDC31AB754BB68FE0B39041159D63","sellerName":"Walmart.com","hasSellerBadge":null,"seller":{"name":"Walmart.com","sellerId":"F55CDC31AB754BB68FE0B39041159D63"},"sponsoredProduct":null},{"__typename":"Product","availabilityStatusDisplayValue":"In stock","productLocationDisplayValue":null,"externalInfoUrl":"","canonicalUrl":"/ip/Palermo-s-Rising-Crust-4-Cheese-Frozen-Pizza-30-3-oz/919222661","canAddToCart":true,"showOptions":false,"description":"Palermos Rising Crust Cheese","flag":"","fulfillmentBadges":["Pickup","Delivery"],"fulfillmentIcon":{"key":"SAVE_WITH_W_PLUS","label":"Save with"},"fulfillmentBadge":"Today","fulfillmentSpeed":["TODAY"],"fulfillmentType":"STORE","id":"4U1UY8F30KVD","usItemId":"919222661","image":"https://i5.walmartimages.com/asr/ec932941-093a-4d1c-8576-4f061a433cbf.7929cf42fb311f1446987d90e13e0a8e.jpeg?odnHeight=180\u0026odnWidth=180\u0026odnBg=ffffff","isOutOfStock":false,"esrb":"","mediaRating":"","name":"Palermo's Rising Crust 4 Cheese Frozen Pizza, 30.3 oz","price":5,"preOrder":{"isPreOrder":false,"preOrderMessage":null,"preOrderStreetDateMessage":null},"priceInfo":{"itemPrice":"","linePrice":"$5.00","wasPrice":"","unitPrice":"16.5 ¢/oz","shipPrice":"","minPriceForVariant":"","subscriptionPrice":"","subscriptionString":"","priceDisplayCondition":"","finalCostByWeight":false,"submapType":""},"rating":{"averageRating":0,"numberOfReviews":0},"salesUnit":"EACH","variantList":[],"isVariantTypeSwatch":false,"brand":null,"manufacturerName":null,"offerId":"AB2CA0ED96E64E538639EB30E4421D95","fitmentLabel":"","isAtfMarker":false,"sellerId":"F55CDC31AB754BB68FE0B39041159D63","sellerName":"Walmart.com","hasSellerBadge":null,"seller":{"name":"Walmart.com","sellerId":"F55CDC31AB754BB68FE0B39041159D63"},"sponsoredProduct":null},{"__typename":"Product","availabilityStatusDisplayValue":"In stock","productLocationDisplayValue":null,"externalInfoUrl":"","canonicalUrl":"/ip/Palermos-Rising-Crust-Pepperoni-Frozen-Pizza-30-0-oz/645684166","canAddToCart":true,"showOptions":false,"description":"Palermos Rc Pepperoni","flag":"","fulfillmentBadges":["Pickup","Delivery"],"fulfillmentIcon":{"key":"SAVE_WITH_W_PLUS","label":"Save with"},"fulfillmentBadge":"Today","fulfillmentSpeed":["TODAY"],"fulfillmentType":"STORE","id":"1NG5EGEVGP7H","usItemId":"645684166","image":"https://i5.walmartimages.com/asr/6e682e46-38bb-4000-ac21-79b200ec16f1.d1d468dea492029cad891259bdd420b4.jpeg?odnHeight=180\u0026odnWidth=180\u0026odnBg=ffffff","isOutOfStock":false,"esrb":"","mediaRating":"","name":"Palermos Rising Crust Pepperoni Frozen Pizza, 30.0 oz","price":5,"preOrder":{"isPreOrder":false,"preOrderMessage":null,"preOrderStreetDateMessage":null},"priceInfo":{"itemPrice":"","linePrice":"$5.00","wasPrice":"","unitPrice":"16.7 ¢/oz","shipPrice":"","minPriceForVariant":"","subscriptionPrice":"","subscriptionString":"","priceDisplayCondition":"","finalCostByWeight":false,"submapType":""},"rating":{"averageRating":0,"numberOfReviews":0},"salesUnit":"EACH","variantList":[],"isVariantTypeSwatch":false,"brand":null,"manufacturerName":null,"offerId":"6F8A43E83A9949D9B86A361C96C0AB06","fitmentLabel":"","isAtfMarker":true,"sellerId":"F55CDC31AB754BB68FE0B39041159D63","sellerName":"Walmart.com","hasSellerBadge":null,"seller":{"name":"Walmart.com","sellerId":"F55CDC31AB754BB68FE0B39041159D63"},"sponsoredProduct":null},{"__typename":"Product","availabilityStatusDisplayValue":"In stock","productLocationDisplayValue":null,"externalInfoUrl":"","canonicalUrl":"/ip/Palermo-s-Rising-Crust-4-Meat-Frozen-Pizza-30-9-oz/486120068","canAddToCart":true,"showOptions":false,"description":"Palermos Rising Crust 4 Meat","flag":"","fulfillmentBadges":["Pickup","Delivery"],"fulfillmentIcon":{"key":"SAVE_WITH_W_PLUS","label":"Save with"},"fulfillmentBadge":"Today","fulfillmentSpeed":["TODAY"],"fulfillmentType":"STORE","id":"3VMFEV797KXZ","usItemId":"486120068","image":"https://i5.walmartimages.com/asr/1c1ee21e-166d-4bcc-84a9-c9f007d3e4d3.21c5ef7847e8bc506ddd636f41d1995f.jpeg?odnHeight=180\u0026odnWidth=180\u0026odnBg=ffffff","isOutOfStock":false,"esrb":"","mediaRating":"","name":"Palermo's Rising Crust 4 Meat Frozen Pizza, 30.9 oz","price":5,"preOrder":{"isPreOrder":false,"preOrderMessage":null,"preOrderStreetDateMessage":null},"priceInfo":{"itemPrice":"","linePrice":"$5.00","wasPrice":"","unitPrice":"16.2 ¢/oz","shipPrice":"","minPriceForVariant":"","subscriptionPrice":"","subscriptionString":"","priceDisplayCondition":"","finalCostByWeight":false,"submapType":""},"rating":{"averageRating":0,"numberOfReviews":0},"salesUnit":"EACH","variantList":[],"isVariantTypeSwatch":false,"brand":null,"manufacturerName":null,"offerId":"9FA590D96EE543599F258A1F6F8093FB","fitmentLabel":"","isAtfMarker":false,"sellerId":"F55CDC31AB754BB68FE0B39041159D63","sellerName":"Walmart.com","hasSellerBadge":null,"seller":{"name":"Walmart.com","sellerId":"F55CDC31AB754BB68FE0B39041159D63"},"sponsoredProduct":null},{"__typename":"Product","availabilityStatusDisplayValue":"In stock","productLocationDisplayValue":null,"externalInfoUrl":"","canonicalUrl":"/ip/Red-Baron-Supreme-Pizza-Melt-5-98-Oz-Frozen/848859167","canAddToCart":true,"showOptions":false,"description":"\u003cli\u003eRed Baron Supreme Pizza Meltsandwich the bold pizza flavors you love between two pieces of crispy toast\u003c/li\u003e\u003cli\u003eCrispy toast loaded with zesty tomato sauce, melty cheese, and a hearty topping of\u003c/li\u003e","flag":"","fulfillmentBadges":["Pickup","Delivery"],"fulfillmentIcon":{"key":"SAVE_WITH_W_PLUS","label":"Save with"},"fulfillmentBadge":"Today","fulfillmentSpeed":["TODAY"],"fulfillmentType":"STORE","id":"3A7P8VIAU241","usItemId":"848859167","image":"https://i5.walmartimages.com/asr/22b9ff73-8e58-4f1a-86fb-bbef94583eba.33adb499bf4e301a25e91f44c53aee64.jpeg?odnHeight=180\u0026odnWidth=180\u0026odnBg=ffffff","isOutOfStock":false,"esrb":"","mediaRating":"","name":"Red Baron Supreme Pizza Melt, 5.98 Oz (Frozen)","price":2.97,"preOrder":{"isPreOrder":false,"preOrderMessage":null,"preOrderStreetDateMessage":null},"priceInfo":{"itemPrice":"","linePrice":"$2.97","wasPrice":"","unitPrice":"49.7 ¢/oz","shipPrice":"","minPriceForVariant":"","subscriptionPrice":"","subscriptionString":"","priceDisplayCondition":"","finalCostByWeight":false,"submapType":""},"rating":{"averageRating":0,"numberOfReviews":0},"salesUnit":"EACH","variantList":[],"isVariantTypeSwatch":false,"brand":null,"manufacturerName":null,"offerId":"A76F56187B3E45FDBEF837BADFDDBF94","fitmentLabel":"","isAtfMarker":false,"sellerId":"F55CDC31AB754BB68FE0B39041159D63","sellerName":"Walmart.com","hasSellerBadge":null,"seller":{"name":"Walmart.com","sellerId":"F55CDC31AB754BB68FE0B39041159D63"},"sponsoredProduct":null},{"__typename":"MarqueePlaceholder","type":"MarqueeDisplayAd","moduleLocation":"marquee1","lazy":"0"},{"__typename":"Product","availabilityStatusDisplayValue":"In stock","productLocationDisplayValue":null,"externalInfoUrl":"","canonicalUrl":"/ip/Palermo-s-Rising-Crust-Supreme-Frozen-Pizza-33-oz/917708299","canAddToCart":true,"showOptions":false,"description":"Palermos Rc Supreme Pizza","flag":"","fulfillmentBadges":["Pickup","Delivery"],"fulfillmentIcon":{"key":"SAVE_WITH_W_PLUS","label":"Save with"},"fulfillmentBadge":"Today","fulfillmentSpeed":["TODAY"],"fulfillmentType":"STORE","id":"1A1QTKSZ286P","usItemId":"917708299","image":"https://i5.walmartimages.com/asr/ce4b9348-f255-4724-bea0-7cab3b1c2c01.89947a693487c25594633010de343c4f.png?odnHeight=180\u0026odnWidth=180\u0026odnBg=ffffff","isOutOfStock":false,"esrb":"","mediaRating":"","name":"Palermo's Rising Crust Supreme Frozen Pizza, 33 oz","price":5,"preOrder":{"isPreOrder":false,"preOrderMessage":null,"preOrderStreetDateMessage":null},"priceInfo":{"itemPrice":"","linePrice":"$5.00","wasPrice":"","unitPrice":"15.2 ¢/oz","shipPrice":"","minPriceForVariant":"","subscriptionPrice":"","subscriptionString":"","priceDisplayCondition":"","finalCostByWeight":false,"submapType":""},"rating":{"averageRating":0,"numberOfReviews":0},"salesUnit":"EACH","variantList":[],"isVariantTypeSwatch":false,"brand":null,"manufacturerName":null,"offerId":"7F95D9F68A774A7C81E4042FA6B94D83","fitmentLabel":"","isAtfMarker":false,"sellerId":"F55CDC31AB754BB68FE0B39041159D63","sellerName":"Walmart.com","hasSellerBadge":null,"seller":{"name":"Walmart.com","sellerId":"F55CDC31AB754BB68FE0B39041159D63"},"sponsoredProduct":null},{"__typename":"Product","availabilityStatusDisplayValue":"In stock","productLocationDisplayValue":null,"externalInfoUrl":"","canonicalUrl":"/ip/Marketside-Extreme-Bacon-Pizza-Thin-Crust-Medium-15-2-oz/157295265","canAddToCart":true,"showOptions":false,"description":"Take-and-bake thin crust bacon lover's pizza Bake and enjoy in the comfort of your own home Ready to serve and eat in just 11 - 13 minutes","flag":"","fulfillmentBadges":["Pickup","Delivery"],"fulfillmentIcon":{"key":"SAVE_WITH_W_PLUS","label":"Save with"},"fulfillmentBadge":"Today","fulfillmentSpeed":["TODAY"],"fulfillmentType":"STORE","id":"4SJ7HBFAUDR4","usItemId":"157295265","image":"https://i5.walmartimages.com/asr/8b9009e7-7a2e-4a73-b71d-85736d286ca2.52db0aab00e5e67ebe3ab54f09aa919e.jpeg?odnHeight=180\u0026odnWidth=180\u0026odnBg=ffffff","isOutOfStock":false,"esrb":"","mediaRating":"","name":"Marketside Extreme Bacon Pizza, Thin Crust, Medium, 15.2 oz","price":5,"preOrder":{"isPreOrder":false,"preOrderMessage":null,"preOrderStreetDateMessage":null},"priceInfo":{"itemPrice":"","linePrice":"$5.00","wasPrice":"","unitPrice":"","shipPrice":"","minPriceForVariant":"","subscriptionPrice":"","subscriptionString":"","priceDisplayCondition":"","finalCostByWeight":false,"submapType":""},"rating":{"averageRating":0,"numberOfReviews":0},"salesUnit":"EACH","variantList":[],"isVariantTypeSwatch":false,"brand":null,"manufacturerName":null,"offerId":"95115AC87F4144E9A7093318DBC970BD","fitmentLabel":"","isAtfMarker":false,"sellerId":"F55CDC31AB754BB68FE0B39041159D63","sellerName":"Walmart.com","hasSellerBadge":null,"seller":{"name":"Walmart.com","sellerId":"F55CDC31AB754BB68FE0B39041159D63"},"sponsoredProduct":null},{"__typename":"Product","availabilityStatusDisplayValue":"In stock","productLocationDisplayValue":null,"externalInfoUrl":"","canonicalUrl":"/ip/Daiya-Thin-Crust-Gluten-Free-Pizza-15-7-oz/112060586","canAddToCart":true,"showOptions":false,"description":"\"A delicious combination of a crispy gluten-free crust, zesty tomato sauce, and our dairy-free Mozzarella and Cheddar Style Shreds. Its pizza perfection at its best and soon it will be the favorite at","flag":"","fulfillmentBadges":["Pickup","Delivery"],"fulfillmentIcon":{"key":"SAVE_WITH_W_PLUS","label":"Save with"},"fulfillmentBadge":"Today","fulfillmentSpeed":["TODAY"],"fulfillmentType":"STORE","id":"6SBVRSOLJH1C","usItemId":"112060586","image":"https://i5.walmartimages.com/asr/aac0411b-7f75-4dc5-adad-f8ecad77e208.541b05221ba6c75ecd4dc26d662d1275.jpeg?odnHeight=180\u0026odnWidth=180\u0026odnBg=ffffff","isOutOfStock":false,"esrb":"","mediaRating":"","name":"Daiya Thin Crust Gluten-Free Pizza, 15.7 oz","price":6.94,"preOrder":{"isPreOrder":false,"preOrderMessage":null,"preOrderStreetDateMessage":null},"priceInfo":{"itemPrice":"","linePrice":"$6.94","wasPrice":"","unitPrice":"44.2 ¢/oz","shipPrice":"","minPriceForVariant":"","subscriptionPrice":"","subscriptionString":"","priceDisplayCondition":"","finalCostByWeight":false,"submapType":""},"rating":{"averageRating":0,"numberOfReviews":0},"salesUnit":"EACH","variantList":[],"isVariantTypeSwatch":false,"brand":null,"manufacturerName":null,"offerId":"E445B204E0E4473086C889C01E00DD00","fitmentLabel":"","isAtfMarker":false,"sellerId":"F55CDC31AB754BB68FE0B39041159D63","sellerName":"Walmart.com","hasSellerBadge":null,"seller":{"name":"Walmart.com","sellerId":"F55CDC31AB754BB68FE0B39041159D63"},"sponsoredProduct":null},{"__typename":"Product","availabilityStatusDisplayValue":"In stock","productLocationDisplayValue":null,"externalInfoUrl":"","canonicalUrl":"/ip/DIGIORNO-Four-Cheese-Frozen-Pizza-on-a-Croissant-Crust-25-3-oz/546323461","canAddToCart":true,"showOptions":false,"description":"\u003cli\u003eEnjoy the freshness of delivery pizza without the hassle with DIGIORNO Four Cheese Frozen Pizza on a Croissant Crust. Created with delicate layers of light, flaky, and buttery crust, the DIGIORNO\u003c/li\u003e","flag":"","fulfillmentBadges":["Pickup","Delivery"],"fulfillmentIcon":{"key":"SAVE_WITH_W_PLUS","label":"Save with"},"fulfillmentBadge":"Today","fulfillmentSpeed":["TODAY"],"fulfillmentType":"STORE","id":"20JEJY7OJZL5","usItemId":"546323461","image":"https://i5.walmartimages.com/asr/dbe40bb0-7cf3-4786-aa79-68d324d80c98.02c1be8cc0265dc72f085981cc4932ec.jpeg?odnHeight=180\u0026odnWidth=180\u0026odnBg=ffffff","isOutOfStock":false,"esrb":"","mediaRating":"","name":"DIGIORNO Four Cheese Frozen Pizza on a Croissant Crust 25.3 oz.","price":5.78,"preOrder":{"isPreOrder":false,"preOrderMessage":null,"preOrderStreetDateMessage":null},"priceInfo":{"itemPrice":"","linePrice":"$5.78","wasPrice":"","unitPrice":"22.8 ¢/oz","shipPrice":"","minPriceForVariant":"","subscriptionPrice":"","subscriptionString":"","priceDisplayCondition":"","finalCostByWeight":false,"submapType":""},"rating":{"averageRating":0,"numberOfReviews":0},"salesUnit":"EACH","variantList":[],"isVariantTypeSwatch":false,"brand":null,"manufacturerName":null,"offerId":"50B285654CC245DDA7CA5013B5D56B7B","fitmentLabel":"","isAtfMarker":false,"sellerId":"F55CDC31AB754BB68FE0B39041159D63","sellerName":"Walmart.com","hasSellerBadge":null,"seller":{"name":"Walmart.com","sellerId":"F55CDC31AB754BB68FE0B39041159D63"},"sponsoredProduct":null},{"__typename":"Product","availabilityStatusDisplayValue":"In stock","productLocationDisplayValue":null,"externalInfoUrl":"","canonicalUrl":"/ip/Daiya-Meatless-Pepperoni-Style-Thin-Crust-Gluten-Free-Pizza-16-7-oz/686683837","canAddToCart":true,"showOptions":false,"description":"\u003cdiv\u003eDaiya Dairy Free, Gluten Free, Soy Free and Plant-Based Pepperoni Style Pizza\u003c/div\u003e","flag":"","fulfillmentBadges":["Pickup","Delivery"],"fulfillmentIcon":{"key":"SAVE_WITH_W_PLUS","label":"Save with"},"fulfillmentBadge":"Today","fulfillmentSpeed":["TODAY"],"fulfillmentType":"STORE","id":"5ZQMGV7FBAED","usItemId":"686683837","image":"https://i5.walmartimages.com/asr/930e0eef-1752-4c4c-8e83-2bb662d3410d.f567a7aa35b3440074516fdf919b222c.jpeg?odnHeight=180\u0026odnWidth=180\u0026odnBg=ffffff","isOutOfStock":false,"esrb":"","mediaRating":"","name":"Daiya Meatless Pepperoni Style Thin Crust Gluten-Free Pizza, 16.7 oz","price":6.94,"preOrder":{"isPreOrder":false,"preOrderMessage":null,"preOrderStreetDateMessage":null},"priceInfo":{"itemPrice":"","linePrice":"$6.94","wasPrice":"","unitPrice":"41.6 ¢/oz","shipPrice":"","minPriceForVariant":"","subscriptionPrice":"","subscriptionString":"","priceDisplayCondition":"","finalCostByWeight":false,"submapType":""},"rating":{"averageRating":0,"numberOfReviews":0},"salesUnit":"EACH","variantList":[],"isVariantTypeSwatch":false,"brand":null,"manufacturerName":null,"offerId":"BCF2661E9565400DACF91456F37D19DA","fitmentLabel":"","isAtfMarker":false,"sellerId":"F55CDC31AB754BB68FE0B39041159D63","sellerName":"Walmart.com","hasSellerBadge":null,"seller":{"name":"Walmart.com","sellerId":"F55CDC31AB754BB68FE0B39041159D63"},"sponsoredProduct":null},{"__typename":"Product","availabilityStatusDisplayValue":"In stock","productLocationDisplayValue":null,"externalInfoUrl":"","canonicalUrl":"/ip/Daiya-Gluten-Free-Thin-Crust-Margherita-Pizza-16-3-Oz-Frozen/173116395","canAddToCart":true,"showOptions":false,"description":"\"Our Mild Mozzarella Style Shreds transform this classic into a meal that all pizza lovers can enjoy. Its the perfect blend of rich tomato sauce, tomato chunks and basil on a thin gluten-free pizza","flag":"","fulfillmentBadges":["Pickup","Delivery"],"fulfillmentIcon":{"key":"SAVE_WITH_W_PLUS","label":"Save with"},"fulfillmentBadge":"Today","fulfillmentSpeed":["TODAY"],"fulfillmentType":"STORE","id":"46T0GVCBEB0M","usItemId":"173116395","image":"https://i5.walmartimages.com/asr/7e2c73d3-d783-4061-9058-46db15d890b1.dac8491610f726ca7dfb47c08d98454f.jpeg?odnHeight=180\u0026odnWidth=180\u0026odnBg=ffffff","isOutOfStock":false,"esrb":"","mediaRating":"","name":"Daiya Gluten-Free Thin Crust Margherita Pizza, 16.3 Oz (Frozen)","price":6.94,"preOrder":{"isPreOrder":false,"preOrderMessage":null,"preOrderStreetDateMessage":null},"priceInfo":{"itemPrice":"","linePrice":"$6.94","wasPrice":"","unitPrice":"42.6 ¢/oz","shipPrice":"","minPriceForVariant":"","subscriptionPrice":"","subscriptionString":"","priceDisplayCondition":"","finalCostByWeight":false,"submapType":""},"rating":{"averageRating":0,"numberOfReviews":0},"salesUnit":"EACH","variantList":[],"isVariantTypeSwatch":false,"brand":null,"manufacturerName":null,"offerId":"2712693207944B17A7443ED6C0223FD5","fitmentLabel":"","isAtfMarker":false,"sellerId":"F55CDC31AB754BB68FE0B39041159D63","sellerName":"Walmart.com","hasSellerBadge":null,"seller":{"name":"Walmart.com","sellerId":"F55CDC31AB754BB68FE0B39041159D63"},"sponsoredProduct":null},{"__typename":"Product","availabilityStatusDisplayValue":"In stock","productLocationDisplayValue":null,"externalInfoUrl":"","canonicalUrl":"/ip/Mama-Mary-s-S-mores-Dessert-Pizza-Kit/775976978","canAddToCart":true,"showOptions":false,"description":"Mama Mary's S'mores Dessert Pizza Kit 14oz","flag":"","fulfillmentBadges":["Pickup","Delivery"],"fulfillmentIcon":{"key":"SAVE_WITH_W_PLUS","label":"Save with"},"fulfillmentBadge":"Today","fulfillmentSpeed":["TODAY"],"fulfillmentType":"STORE","id":"41DWKKJI2MDI","usItemId":"775976978","image":"https://i5.walmartimages.com/asr/7df56fbb-6715-4cdc-9b5c-b634ea38bb7b.f9a81090d9ead300e3ff09deb8738e41.jpeg?odnHeight=180\u0026odnWidth=180\u0026odnBg=ffffff","isOutOfStock":false,"esrb":"","mediaRating":"","name":"Mama Mary's S'mores Dessert Pizza Kit","price":3.48,"preOrder":{"isPreOrder":false,"preOrderMessage":null,"preOrderStreetDateMessage":null},"priceInfo":{"itemPrice":"","linePrice":"$3.48","wasPrice":"","unitPrice":"24.9 ¢/oz","shipPrice":"","minPriceForVariant":"","subscriptionPrice":"","subscriptionString":"","priceDisplayCondition":"","finalCostByWeight":false,"submapType":""},"rating":{"averageRating":0,"numberOfReviews":0},"salesUnit":"EACH","variantList":[],"isVariantTypeSwatch":false,"brand":null,"manufacturerName":null,"offerId":"30D3CDD5B1C7476BA281206A789C8ECC","fitmentLabel":"","isAtfMarker":false,"sellerId":"F55CDC31AB754BB68FE0B39041159D63","sellerName":"Walmart.com","hasSellerBadge":null,"seller":{"name":"Walmart.com","sellerId":"F55CDC31AB754BB68FE0B39041159D63"},"sponsoredProduct":null},{"__typename":"Product","availabilityStatusDisplayValue":"Out of stock","productLocationDisplayValue":null,"externalInfoUrl":"","canonicalUrl":"/ip/Lunchables-Extra-Cheese-Pizza-Meal-Kit-with-Capri-Sun-Pacific-Cooler-Drink-Airheads-White-Mystery-Candy-10-6-oz-Box/13908431","canAddToCart":false,"showOptions":false,"description":"\u003cli\u003eLunchable, Lunchables, Lunchables pizza, lunchables cheese pizza, cheese pizza lunchables, pizza lunchables, lunchables for kids, lunchables with drink, lunchables with dessert, lunchables cheese\u003c/li\u003e","flag":"","fulfillmentBadges":[],"fulfillmentBadge":"","fulfillmentSpeed":[],"fulfillmentType":"STORE","id":"6F2FP4LC8SO9","usItemId":"13908431","image":"https://i5.walmartimages.com/asr/7f4a80ba-5633-44b8-9705-bf63e3f04529.90a436571ccaa8a1a201399df1cdc772.jpeg?odnHeight=180\u0026odnWidth=180\u0026odnBg=ffffff","isOutOfStock":true,"esrb":"","mediaRating":"","name":"Lunchables Extra Cheese Pizza Meal Kit with Capri Sun Pacific Cooler Drink \u0026 Airheads White Mystery Candy, 10.6 oz Box","price":2.48,"preOrder":{"isPreOrder":false,"preOrderMessage":null,"preOrderStreetDateMessage":null},"priceInfo":{"itemPrice":"","linePrice":"$2.48","wasPrice":"","unitPrice":"22.5 ¢/oz","shipPrice":"","minPriceForVariant":"","subscriptionPrice":"","subscriptionString":"","priceDisplayCondition":"","finalCostByWeight":false,"submapType":""},"rating":{"averageRating":0,"numberOfReviews":0},"salesUnit":"EACH","variantList":[],"isVariantTypeSwatch":false,"brand":null,"manufacturerName":null,"offerId":"0A91427FAFC64597A038E817C18F6338","fitmentLabel":"","isAtfMarker":false,"sellerId":"F55CDC31AB754BB68FE0B39041159D63","sellerName":"Walmart.com","hasSellerBadge":null,"seller":{"name":"Walmart.com","sellerId":"F55CDC31AB754BB68FE0B39041159D63"},"sponsoredProduct":null},{"__typename":"Product","availabilityStatusDisplayValue":"Out of stock","productLocationDisplayValue":null,"externalInfoUrl":"","canonicalUrl":"/ip/Red-Baron-Pepperoni-Pizza-Melt-5-34-oz/148148203","canAddToCart":false,"showOptions":false,"description":"\u003cli\u003eRed Baron Pepperoni Pizza Meltsandwich the bold pizza flavors you love between two pieces of crispy toast\u003c/li\u003e\u003cli\u003eCrispy toast loaded with zesty tomato sauce, 100% real cheese, and a hearty\u003c/li\u003e","flag":"","fulfillmentBadges":[],"fulfillmentBadge":"","fulfillmentSpeed":[],"fulfillmentType":"STORE","id":"6XP8TECMQNC3","usItemId":"148148203","image":"https://i5.walmartimages.com/asr/06e5f375-58ae-4c76-b77e-729cb9bf5e1c.90a35ef111720d22b6630806e5a366be.jpeg?odnHeight=180\u0026odnWidth=180\u0026odnBg=ffffff","isOutOfStock":true,"esrb":"","mediaRating":"","name":"Red Baron Pepperoni Pizza Melt, 5.34 oz","price":2.97,"preOrder":{"isPreOrder":false,"preOrderMessage":null,"preOrderStreetDateMessage":null},"priceInfo":{"itemPrice":"","linePrice":"$2.97","wasPrice":"","unitPrice":"55.6 ¢/oz","shipPrice":"","minPriceForVariant":"","subscriptionPrice":"","subscriptionString":"","priceDisplayCondition":"","finalCostByWeight":false,"submapType":""},"rating":{"averageRating":0,"numberOfReviews":0},"salesUnit":"EACH","variantList":[],"isVariantTypeSwatch":false,"brand":null,"manufacturerName":null,"offerId":"552EF317DFE94F69B8B38DDD87112F21","fitmentLabel":"","isAtfMarker":false,"sellerId":"F55CDC31AB754BB68FE0B39041159D63","sellerName":"Walmart.com","hasSellerBadge":null,"seller":{"name":"Walmart.com","sellerId":"F55CDC31AB754BB68FE0B39041159D63"},"sponsoredProduct":null},{"__typename":"Product","availabilityStatusDisplayValue":"Out of stock","productLocationDisplayValue":null,"externalInfoUrl":"","canonicalUrl":"/ip/Tony-s-Cheese-Pizza-18-90-oz/45209432","canAddToCart":false,"showOptions":false,"description":"Tony's Pizzeria Style Crust Cheese Pizza, 18.9 oz","flag":"","fulfillmentBadges":[],"fulfillmentBadge":"","fulfillmentSpeed":[],"fulfillmentType":"STORE","id":"5WPX4X73TXMT","usItemId":"45209432","image":"https://i5.walmartimages.com/asr/6983f06c-56a7-4990-adfb-c8cbf210e773.005ae3e3f648643283d3c819a205539a.jpeg?odnHeight=180\u0026odnWidth=180\u0026odnBg=ffffff","isOutOfStock":true,"esrb":"","mediaRating":"","name":"Tony's Cheese Pizza, 18.90 oz","price":2.98,"preOrder":{"isPreOrder":false,"preOrderMessage":null,"preOrderStreetDateMessage":null},"priceInfo":{"itemPrice":"","linePrice":"$2.98","wasPrice":"","unitPrice":"15.8 ¢/oz","shipPrice":"","minPriceForVariant":"","subscriptionPrice":"","subscriptionString":"","priceDisplayCondition":"","finalCostByWeight":false,"submapType":""},"rating":{"averageRating":0,"numberOfReviews":0},"salesUnit":"EACH","variantList":[],"isVariantTypeSwatch":false,"brand":null,"manufacturerName":null,"offerId":"64F493600AD44EDDB41044854DE9908B","fitmentLabel":"","isAtfMarker":false,"sellerId":"F55CDC31AB754BB68FE0B39041159D63","sellerName":"Walmart.com","hasSellerBadge":null,"seller":{"name":"Walmart.com","sellerId":"F55CDC31AB754BB68FE0B39041159D63"},"sponsoredProduct":null},{"__typename":"Product","availabilityStatusDisplayValue":"Out of stock","productLocationDisplayValue":null,"externalInfoUrl":"","canonicalUrl":"/ip/Tony-s-Pizzeria-Style-Crust-Supreme-Pizza-20-6-oz-Box/45209436","canAddToCart":false,"showOptions":false,"description":"\u003cli\u003eSausage, pepperoni, green peppers and onions\u003c/li\u003e\u003cli\u003eLayers of light, crispy, crunchy crust\u003c/li\u003e\u003cli\u003eSauce made from real tomatoes\u003c/li\u003e","flag":"","fulfillmentBadges":[],"fulfillmentBadge":"","fulfillmentSpeed":[],"fulfillmentType":"STORE","id":"1GU39C2GPMLW","usItemId":"45209436","image":"https://i5.walmartimages.com/asr/f580f4dd-6ffb-4b9f-b1a4-4842450b82a5.76dfb41bdf8c8040fca7e69393df1639.jpeg?odnHeight=180\u0026odnWidth=180\u0026odnBg=ffffff","isOutOfStock":true,"esrb":"","mediaRating":"","name":"Tony's Pizzeria Style Crust Supreme Pizza, 20.6 oz Box","price":2.13,"preOrder":{"isPreOrder":false,"preOrderMessage":null,"preOrderStreetDateMessage":null},"priceInfo":{"itemPrice":"$2.98","linePrice":"$2.13","wasPrice":"$2.98","unitPrice":"10.3 ¢/oz","shipPrice":"","minPriceForVariant":"","subscriptionPrice":"","subscriptionString":"","priceDisplayCondition":"","finalCostByWeight":false,"submapType":""},"rating":{"averageRating":0,"numberOfReviews":0},"salesUnit":"EACH","variantList":[],"isVariantTypeSwatch":false,"brand":null,"manufacturerName":null,"offerId":"CC6FBF4ADE0F4E7698047C6A23EB954D","fitmentLabel":"","isAtfMarker":false,"sellerId":"F55CDC31AB754BB68FE0B39041159D63","sellerName":"Walmart.com","hasSellerBadge":null,"seller":{"name":"Walmart.com","sellerId":"F55CDC31AB754BB68FE0B39041159D63"},"sponsoredProduct":null},{"__typename":"Product","availabilityStatusDisplayValue":"Out of stock","productLocationDisplayValue":null,"externalInfoUrl":"","canonicalUrl":"/ip/Walmart-Marketside-12-Inch-Sausage-Trio-Pizza/901039115","canAddToCart":false,"showOptions":false,"description":"Marketside Merchandise","flag":"","fulfillmentBadges":[],"fulfillmentBadge":"","fulfillmentSpeed":[],"fulfillmentType":"STORE","id":"0VUT9B2CH3IE","usItemId":"901039115","image":"https://i5.walmartimages.com/asr/4a31477f-b7ee-4dd4-8372-2790fa43d229.6d5e64ea83f92664b93d349725c1863e.jpeg?odnHeight=180\u0026odnWidth=180\u0026odnBg=ffffff","isOutOfStock":true,"esrb":"","mediaRating":"","name":"Walmart Marketside 12 Inch Sausage Trio Pizza","price":5,"preOrder":{"isPreOrder":false,"preOrderMessage":null,"preOrderStreetDateMessage":null},"priceInfo":{"itemPrice":"","linePrice":"$5.00","wasPrice":"","unitPrice":"","shipPrice":"","minPriceForVariant":"","subscriptionPrice":"","subscriptionString":"","priceDisplayCondition":"","finalCostByWeight":false,"submapType":""},"rating":{"averageRating":0,"numberOfReviews":0},"salesUnit":"EACH","variantList":[],"isVariantTypeSwatch":false,"brand":null,"manufacturerName":null,"offerId":"20DADE8BA1A64726B730FAC54922FA48","fitmentLabel":"","isAtfMarker":false,"sellerId":"F55CDC31AB754BB68FE0B39041159D63","sellerName":"Walmart.com","hasSellerBadge":null,"seller":{"name":"Walmart.com","sellerId":"F55CDC31AB754BB68FE0B39041159D63"},"sponsoredProduct":null},{"__typename":"Product","availabilityStatusDisplayValue":"Out of stock","productLocationDisplayValue":null,"externalInfoUrl":"","canonicalUrl":"/ip/CAULIPOWER-Three-Cheese-Stone-fired-Cauliflower-Crust-Pizza-10-9-oz/549604040","canAddToCart":false,"showOptions":false,"description":"Our Three Cheese Pizza is a CAULIPOWERful trifecta: a crispy crust thats made from real cauliflower, a zesty tomato sauce, and a mouth-watering mix of mozzarella, parmesan, and white cheddar cheese.","flag":"","fulfillmentBadges":[],"fulfillmentBadge":"","fulfillmentSpeed":[],"fulfillmentType":"STORE","id":"7KQQ9I1PA6IX","usItemId":"549604040","image":"https://i5.walmartimages.com/asr/f808c7ef-fd4b-4e62-ab1f-d19d41fcb828.4110b0cb4d5dc3dfa4028493340ccf6c.jpeg?odnHeight=180\u0026odnWidth=180\u0026odnBg=ffffff","isOutOfStock":true,"esrb":"","mediaRating":"","name":"CAULIPOWER Three Cheese Stone-fired Cauliflower Crust Pizza, 10.9 oz","price":6.48,"preOrder":{"isPreOrder":false,"preOrderMessage":null,"preOrderStreetDateMessage":null},"priceInfo":{"itemPrice":"","linePrice":"$6.48","wasPrice":"","unitPrice":"59.4 ¢/oz","shipPrice":"","minPriceForVariant":"","subscriptionPrice":"","subscriptionString":"","priceDisplayCondition":"","finalCostByWeight":false,"submapType":""},"rating":{"averageRating":0,"numberOfReviews":0},"salesUnit":"EACH","variantList":[],"isVariantTypeSwatch":false,"brand":null,"manufacturerName":null,"offerId":"A4E8602068AC4FE8A0E78FF87B755B0F","fitmentLabel":"","isAtfMarker":false,"sellerId":"F55CDC31AB754BB68FE0B39041159D63","sellerName":"Walmart.com","hasSellerBadge":null,"seller":{"name":"Walmart.com","sellerId":"F55CDC31AB754BB68FE0B39041159D63"},"sponsoredProduct":null}],"layoutEnum":"GRID"}],"pageMetadata":{"title":"pizza","canonical":null,"description":null,"location":{"addressId":""}},"paginationV2":{"maxPage":5,"pageProperties":{"ps":"40","spelling":"true","stores":"999","grid":"true","query":"pizza","cat_id":"0","page":"4","sort":"best_match","displayGuidedNav":true,"affinityOverride":"store_led"}},"spelling":{"correctedTerm":null},"requestContext":{"isFitmentFilterQueryApplied":false,"searchMatchType":"{\"dept\":\"/976759/976791/5774679/3790397\",\"g\":\"S\",\"s\":\"b\",\"trf\":\"ht\",\"p\":1,\"as\":\"o|190339|3\",\"qcr\":\"ht\",\"eo\":\"N\",\"id\":\"9x7T2X2NkAlzFxnUqTu4knGVBVDr3kXugc9K\",\"css\":\"0|0|0|0\",\"cs\":false,\"ppABTest\":true}","categories":null},"errorResponse":{"correlationId":"2-qwAa5d4LeAYFxXzGnbSTNxfTMRVtHGUWHb","source":"sis","errors":[]},"modules":null,"count":26,"gridItemsCount":26,"catInfo":{"catId":"/976759/976791/5774679/3790397","name":""}},"pageMetadata":{"location":{"postalCode":"78242","stateOrProvinceCode":"TX","city":"San Antonio","storeId":"999"},"pageContext":{"searchNormalize":{"normalized_query":"pizza","original_query":"pizza","rewritten_query":"pizza","specificity":"broad","top_query_cat_path":"/976759/976791/5774679/3790397","top_query_cat_path_name":"/Food/Frozen Foods/Frozen Pizza, Pasta, \u0026 Breads/Frozen Meat Pizzas","analytics_log":{"fe_log":{"tq":1,"dept":"/976759/976791/5774679/3790397","g":"S","s":"b","trf":"ht"}}}}}},"initialSearchQueryVariables":{"id":"","affinityOverride":"store_led","dealsId":"","query":"pizza","page":4,"prg":"desktop","catId":"","facet":"","sort":"best_match","rawFacet":"","seoPath":"","ps":40,"ptss":"","trsp":"","beShelfId":"","recall_set":"","module_search":"","min_price":"","max_price":"","storeSlotBooked":"","additionalQueryParams":null,"fitmentFieldParams":null,"fitmentSearchParams":{"id":"","affinityOverride":"store_led","dealsId":"","query":"pizza","page":4,"prg":"desktop","catId":"","facet":"","sort":"best_match","rawFacet":"","seoPath":"","ps":40,"ptss":"","trsp":"","beShelfId":"","recall_set":"","module_search":"","min_price":"","max_price":"","storeSlotBooked":"","additionalQueryParams":null,"cat_id":"","_be_shelf_id":""},"fetchMarquee":true,"fetchSkyline":true,"fetchSbaTop":true},"psych":{"isMobile":false,"isBot":false},"isomorphicSessionId":"EINeetRYJhzlMJbjyMKhv","trace":{"traceId":"00000000000000000000000000000000","spanId":"0000000000000000","traceFlags":0},"isCaching":false,"queryContextCacheId":9019,"bootstrapData":{"account":{"data":{"account":null}},"cart":null,"header":{"data":{"contentLayout":{"modules":[{"name":"Console GlobalAlertBar Module","type":"GlobalAlertBar","matchedTrigger":{"zone":"alertBar"},"configs":{"athenaEnabled":"False","alertBar":{"iconName":null,"text":"Console event to be rescheduled.","link":{"linkText":"Visit home","title":"Visit home","clickThrough":{"value":"/"},"uid":"bjP9kr_i"}}}}],"layouts":[]}},"headers":{}},"footer":{"data":{"location":{"status":true,"postalCode":"78242","nodeId":"999","errors":[],"shippingAddress":{"addressId":null,"addressLineOne":null,"addressLineTwo":null,"city":"San Antonio","stateOrProvinceCode":"TX","postalCode":"78242"},"pickupNode":{"nodeId":"999","displayName":"San Antonio Supercenter","addressLineOne":"7239 Sw Loop 410","city":"San Antonio","stateOrProvinceCode":"TX","postalCode":"78242"}},"contentLayout":{"modules":[{"name":"GlobalFooterLinks Module,","type":"GlobalFooterLinks","matchedTrigger":{"zone":"footerZone1"},"configs":{"subLinks":[{"link":{"linkText":"Privacy \u0026 Security","title":"Privacy \u0026 Security","clickThrough":{"type":"url","value":"https://corporate.walmart.com/privacy-security","rawValue":"https://corporate.walmart.com/privacy-security"},"uid":"v8SRLDKw"},"isSFLink":"False","openInNewTab":"True"},{"link":{"linkText":"CA Privacy Rights","title":"CA Privacy Rights","clickThrough":{"type":"url","value":"https://corporate.walmart.com/privacy-security/california-privacy-rights","rawValue":"https://corporate.walmart.com/privacy-security/california-privacy-rights"},"uid":"9Ni6sNcm"},"isSFLink":"True","openInNewTab":"True"},{"link":{"linkText":"Do Not Sell My Personal Information","title":"Do Not Sell My Personal Information","clickThrough":{"type":"url","value":"https://www.walmart.com/account/api/ccpa-intake?native=false\u0026app=gm\u0026type=sod","rawValue":"https://www.walmart.com/account/api/ccpa-intake?native=false\u0026app=gm\u0026type=sod"},"uid":"1EAiCJOO"},"isSFLink":"True","openInNewTab":"True"},{"link":{"linkText":"Request My Personal Information","title":"Request My Personal Information","clickThrough":{"type":"url","value":"https://www.walmart.com/account/api/ccpa-intake?native=false\u0026app=gm\u0026type=access","rawValue":"https://www.walmart.com/account/api/ccpa-intake?native=false\u0026app=gm\u0026type=access"},"uid":"vNAKHfwt"},"isSFLink":"True","openInNewTab":"True"},{"link":{"linkText":"Help","title":"Help","clickThrough":{"type":"url","value":"/help","rawValue":"/help"},"uid":"3Owhn3cK"},"isSFLink":"False","openInNewTab":"False"},{"link":{"linkText":"Terms of Use","title":"Terms of Use","clickThrough":{"type":"url","value":"/help/article/walmart-com-terms-of-use/3b75080af40340d6bbd596f116fae5a0","rawValue":"/help/article/walmart-com-terms-of-use/3b75080af40340d6bbd596f116fae5a0"},"uid":"0zMqEcVI"},"isSFLink":"False","openInNewTab":"False"},{"link":{"linkText":"All Departments","title":"All Departments","clickThrough":{"type":"url","value":"/all-departments","rawValue":"/all-departments"},"uid":"zuC8vwt4"},"isSFLink":"False","openInNewTab":"False"},{"link":{"linkText":"Store Directory","title":"Store Directory","clickThrough":{"type":"url","value":"/store/directory","rawValue":"/store/directory"},"uid":"H35X2opY"},"isSFLink":"False","openInNewTab":"False"}]}}],"layouts":[]}},"headers":{}},"cv":{"account":{"_all_":{"vuduLibraryUrl":"https://video.walmart.com/content/account/purchasehistory","registriesUrl":"/my-registries","enableGoogleAutoComplete":true,"enableMyItemsMenu":true,"enablePostalCodeMessage":false,"enableLocationAutoComplete":true,"eBookUrl":"https://www.walmart.com/account/redirect/kobo?page=library","enableAccountWallet":true,"isInHomeEnabled":true,"enableAccountMWeb":true,"walmartPlusUrl":"https://www.walmart.com/grocery/account/plus/overview","enablePostalCodeOnly":false,"listsUrl":"/lists","placeholder":1,"enableWalmartPlus":true,"itemSubscriptionUrl":"https://www.walmart.com/m/deals/subscriptions/manage","communicationAndPrivacyUrl":"/account/communications-and-privacy","enableWalmartPlusPreference":true,"walmartAssociateUrl":"https://www.walmart.com/account/associate-discount","pharmacyUrl":"https://www.walmart.com/pharmacy/dashboard","enableFeatureCommsAndPrivacy":true,"protectionPlanUrl":"/protection-plans","reorderUrl":"https://www.walmart.com/my-items","enableAvsOverride":true,"shouldUpdateCartAfterUpdateZipcode":true,"isFCShippingEnabled":true,"enableItemSubscription":true,"enableInHomeAddress":true}},"cart":{"_all_":{"enableOmniPromise":true,"enableWirelessPostpaid":true,"enableCapOne":true,"enableItemUpdates":true,"sflCountPerPagination":20,"enableFulfillmentHeadersV2":true,"enableWalmartPlusIntegratedSignUp":false,"enablePartialCheckout":true,"enableItemSwitchableBadge":true,"enableInHomeDelivery":true,"enableLastCall":true,"enableOOSHotFix":true,"enableATCOptimization":true,"enablePAC":true,"enableGXOSignInNudge":true,"enableSigninBenefits":true,"enableCapOneRewards":true,"enableWplusFulfillmentBanner":true,"enableGuestCheckout":true,"enablePartialSwitchModuleLevel":true,"enableCallouts":true,"initialSFLCount":10,"enableAffirm":true,"enableItemNotSwitchableBadge":true,"enableEbt":true,"enableWplus":true,"enableSFL":true,"enableCXOPrefetch":true,"enableItemSwitchableTempBadge":false,"enableCarePlansAndHomeServices":true,"enableRegistry":true,"enableStoreSnackBarMessage":false,"enableShippingIntent":true}},"bookslot":{"_all_":{"enableStoreHours":true,"hideStoreChooserDefaultAlert":true,"enableWirelessPostpaid":true,"walmartPlusFreeDelivery":true,"tempoCacheExpirationInSeconds":300,"enableWalmartPlusIntegratedSignUp":true,"hidePickupSlotPrice":true,"alcoholRestrictedSlotsFilterEnable":true,"enableBlockRegistrantAddressDelivery":true,"enableFulfillmentIntent":true,"enableInHomeSlotsQueryHeader":true,"mergeSlotsEnable":true,"enablePickupOnShippingIntent":true,"enableWalmartPlus":true,"nodeSelectableOnlineEnable":true}},"header":{"_all_":{"isAlertBarEnabled":false,"calloutViewsPerIdPerBSTC":1,"calloutViewsPerIdPerVTC":2,"maxCalloutsPerBSTC":4,"showOptOut":true,"calloutsEnabled":true,"showAddressLineOne":true}},"pulse":{"_all_":{"alwaysAllowedTagList":"","logLevel":"info","enableV1Schema":true,"enableQuantumMetric":true}},"footer":{"_all_":{"enableXOFeedback":true,"hideGiveFeedbackSection":true}},"shared":{"_all_":{"legacySiteNGRedirectEnabled":false,"legacySiteInhomeRedirectEnabled":false,"helpLinkReturnRefunds":"https://www.walmart.com/help/channel/returns-and-refunds/5a33a1f61af8479e9d1bd8b727e9e761","legacySiteDirectspendingRedirectEnabled":false,"legacySiteEbtRedirectEnabled":false,"enableWaitingHallway":true,"disableGetCartSSR":true,"helpLinkStorePurchase":"https://www.walmart.com/help/article/view-store-purchases/f56a1afbf3b5428bb69f0124daa49108","beaconWithQuantumMetrics":true,"helpLinkMobileAlertsTerms":"https://www.walmart.com/help/article/mobile-alerts-terms-of-use/499122d9bba94d08b50e8facf42fcc82","bookSlotPersistentFilterEnable":false,"helpLinkMPReturnPolicy":"https://www.walmart.com/help/article/walmart-marketplace-return-policy/63c3566a9d3546858582acae2fbfdb7e","helpLinkTermsOfUse":"https://www.walmart.com/help/article/walmart-com-terms-of-use/3b75080af40340d6bbd596f116fae5a0"}},"ads":{"_all_":{"spMq2Measure3PEnable":true,"adResponseBeaconEnable":true,"spMq2Measure1PEnable":true,"ipMq1RenderEnable":true,"ipSkReqEnable":true,"bpMq2Measure1PEnable":true,"measure3PImpEnable":true,"cacheBusterTimeDiffMs":180000,"bpSkReqEnable":true,"bpMq2ReqEnable":true,"spMq1RenderEnable":true,"bpSkMeasure1PEnable":true,"bpSkMeasure3PEnable":true,"spMq2RenderEnable":true,"ipSpc2Measure1PEnable":true,"hpMq1Measure1PEnable":true,"hpMq1Measure3PEnable":true,"spSkRenderEnable":true,"bpSpc1ReqEnable":true,"bpMq1ReqEnable":true,"displayAddlInfo":false,"displayCheckIp":true,"bpMq1RenderEnable":true,"hpMq2RenderEnable":true,"moatIvt":"https://www.walmart.com/swag/v2/ip-rd","bpMq2RenderEnable":true,"hpMq1RenderEnable":true,"ipSpc2ReqEnable":true,"spSkMeasure1PEnable":true,"displaySbaLogospQs":false,"spSkMeasure3PEnable":true,"bpSpc1Measure1PEnable":true,"spMq1Measure1PEnable":true,"hpP3NMeasure1PEnable":true,"ipSkMeasure1PEnable":true,"spMq1Measure3PEnable":true,"bpMq1Measure1PEnable":true,"ipSpc1ReqEnable":true,"spMq2ReqEnable":true,"bpSkRenderEnable":true,"ipMq1Measure3PEnable":true,"ipMq1Measure1PEnable":true,"spSkReqEnable":true,"displayPreviousRenderCheck":false,"safeframeURL":"https://i5.walmartimages.com/dfw/63fd9f59-d6ba/07b8ea82-184c-4ea3-8ac0-5dc1981e40c8/v33/safeframe.html","hpMq1ReqEnable":true,"bpMq1Measure3PEnable":true,"ipSpc1Measure1PEnable":true,"bpBigMeasure1PEnable":true,"ipSkMeasure3PEnable":true,"ipMq1ReqEnable":true,"ipMq2Measure1PEnable":true,"ipMq2Measure3PEnable":true,"hpMq2Measure3PEnable":true,"hpMq2Measure1PEnable":true,"spMq1ReqEnable":true,"spSpc1ReqEnable":true,"ipP3NMeasure1PEnable":true,"bpMq2Measure3PEnable":true,"blockInternal":true,"ipSkRenderEnable":true,"hpMq2ReqEnable":true,"ipMq2ReqEnable":true,"spSpc1Measure1PEnable":true,"ipMq2RenderEnable":true}},"search":{"_all_":{"enableExternalInfoUrl":true,"fetchItemsV2Enable":true,"fitmentModulesEnable":true,"bannerModulesEnable":true,"searchPersistentFilterEnable":false,"enableFulfillmentMethodDemo":true,"clientFetchTimeoutMs":15000,"fetchTimeoutMs":7000,"bookSlotPersistentFilterEnable":false,"postProcessedQueryEnable":true,"imageSizeEnum":"3","seoModulesEnable":true,"partialRenderEnable":true}}}},"enableGqlCsrRedirect":true,"nonce":"UJ1pMmx1_J92o0WA"}},"page":"/search","query":{"q":"pizza","page":"4","affinityOverride":"store_led"},"buildId":"production_20211006T193458787Z","assetPrefix":"https://i5.walmartimages.com/dfw/63fd9f59-7f10/f39d4daf-be64-4c7a-b470-b7275856c4da/v2","runtimeConfig":{"appVersion":"main-110-79cb6e","appSha":"79cb6ee2d0ac37eb0a9a8100e45f28acfeeaf177","profile":"production","tmxOrgId":"hgy2n0ks","dataCenter":"eus2","tenant":"WM_GLASS","queryContext":{"appVersion":"main-110-79cb6e","isPerimeterXTest":false,"gql":{"endpointsByName":{"cecxo":"/orchestra/cartxo/graphql","cecph":"/orchestra/cph/graphql","ceorders":"/orchestra/orders/graphql","cegateway":"/orchestra/home/graphql"}},"rest":{"endpointsByName":{"ceaccount":"/orchestra/api/account","ceidentity":"/orchestra/account/electrode/api/identity","cereturns":"/orchestra/api/returns","cehelp":"/orchestra/help/api","typeahead":"/typeahead/v3/complete","espvalidation":"/esp/prepaid/v1/plans","warppaymentoptions":"/orchestra/api/online/variantbasic/item","ceccm":"/orchestra/api/ccm/v1/bootstrap","cewireless":"/orchestra/api/wireless","cewarp":"/orchestra/api/warp"}}},"isDev":false,"enableLatencyTrace":true,"enablePersistedQueries":false,"mockURL":"http://mock-backend.dev.walmart.com/","mock":true,"moatIvt":"https://i5.walmartimages.com/dfw/4ff9c6c9-2dd1/k2-_8b2f2d93-4e1f-454a-95b1-a9b26af853b2.v1.js","endpointMappings":{"operations":{"query configuration":"cegateway","query ContentPage":"cegateway","query checkItemCartEligibility":"cecxo","mutation MergeAndGetCart":"cecxo","query getGuestOrder":"cegateway","query PurchaseHistory":"cecph","mutation NotifyCapOneBannerSnooze":"cegateway","mutation CancelOrder":"cecph","query LastCallPage":"cegateway","query GetCommPreference":"cegateway","query PurchasedProtectionPlans":"cecph","query ProtectionPlanDetail":"cecph"},"queryStrings":{"step=cart":"cecxo","step=bookslot":"cecxo","entitytype=*":"ceorders","state=*":"ceorders","source=*":"ceorders"},"pages":{"*":"cegateway","/":"cegateway","/404":"cegateway","/account/*":"cegateway","/all-departments":"cegateway","/browse/*":"cegateway","/c/[...seo]":"cegateway","/ci-control":"cegateway","/cp/[...categoryParams]":"cegateway","/content/[...categoryParams]":"cegateway","/help/*":"cegateway","/ip/[...itemParams]":"cegateway","/lists/*":"cegateway","/my-items":"cegateway","/my-registries":"cegateway","/shop/*":"cegateway","/shop/[...seo]":"cegateway","/nonprofits/*":"cegateway","/orders/*":"ceorders","/partner/plus/[promoId]/*":"cegateway","/plus/*":"cegateway","/product/[...itemParams]":"cegateway","/registry/*":"cegateway","/reviews/*":"cegateway","/search/*":"cegateway","/seller/*":"cegateway","/services":"cegateway","/thankyou":"cecxo","/topic/[...seo]":"cegateway","/tp/*":"cegateway","/update-payment-method-form":"cegateway","/update-payment-method":"cegateway","/wallet/associate-discount":"cegateway"}},"googleMaps":{"checkAddressAPIKey":"AIzaSyCX5gh3yoq4316wUDxRpljFOwWA6_-BEMg","addressAPIKey":"AIzaSyBIAnB1a3UejjFVRNtszhaEE8yrKySRTEo","geoCodingAPIKey":"AIzaSyBvv63fBVZ1RtNJLGkN9XCFE1WfVl0o1HY"},"perimeterX":{"enable":true,"initScript":"https://www.walmart.com/px/PXu6b0qd2S/init.js"},"pulseBeacon":{"enable":true,"hostname":"i5.walmartimages.com","bd":"beacon.walmart.com","bh":"beacon.lightestwithqm.walmart.com","hostWithQM":"beacon.lightestwithqm.walmart.com","hostWithoutQM":"beacon.lightest.walmart.com"},"threatMetrix":{"enable":true},"paymentsPageUrl":"https://wallet.walmart.com/payments?wv=main"},"isFallback":false,"dynamicIds":[20114,51923,20513,18350,71484,7965,69467,86107],"customServer":true,"gip":true,"appGip":true,"locale":"en","locales":["en"],"defaultLocale":"en","scriptLoader":[]}</script><script src="//i5.walmartimages.com/a14/cdn-doms-usgm.js" nonce="UJ1pMmx1_J92o0WA"></script><script async="async" defer="defer" src="//i5.walmartimages.com/a14/cdn-perf.min.js" nonce="UJ1pMmx1_J92o0WA"></script><script nonce="UJ1pMmx1_J92o0WA">window.SW_DOMAIN = "walmart.com"</script><script nonce="UJ1pMmx1_J92o0WA">(function(e){var t=e.document;BOOMR=e.BOOMR||{};BOOMR.plugins=BOOMR.plugins||{};var n={localStorageTestKey:"TorbitLSTest",pageTags:[],pageConversions:[],initHasRun:false};BOOMR.plugins.pageMeta={init:function(r){initHasRun=true;try{localStorage.setItem(n.localStorageTestKey,n.localStorageTestKey);localStorage.removeItem(n.localStorageTestKey);BOOMR.addVar("ls",1)}catch(i){BOOMR.addVar("ls",0)}if(e.location.protocol=="https:")BOOMR.addVar("prt",1);else BOOMR.addVar("prt",0);BOOMR.addVar("ref",t.referrer);if(e.performance&&e.performance.memory){for(m_name in e.performance.memory){if(e.performance.memory.hasOwnProperty(m_name)){BOOMR.addVar(m_name,e.performance.memory[m_name])}}}BOOMR.addVar("wH",e.innerHeight||t.body.clientHeight||t.documentElement.clientHeight);BOOMR.addVar("tags",n.pageTags.join("|"));return this},addTag:function(e){n.pageTags.push(e);if(!n.initHasRun){return}BOOMR.addVar("tags",n.pageTags.join("|"))},addConversion:function(e,t){var r=e;if(t&&(t>0||t.length>0))r=e+"="+t;n.pageConversions.push(r);BOOMR.addVar("conversion",n.pageConversions.join("|"))},is_complete:function(){return true}}})(window);(function(e){try{e._tbq=e._tbq||[];_tbq.push=function(e){if(e.length<1||!e[0])return;switch(e[0]){case"tag":if(e.length<2)return;BOOMR.plugins.pageMeta.addTag(e[1]);break;case"startTimer":if(e.length<2)return;BOOMR.plugins.customEvents.startTimer(e[1]);break;case"endTimer":if(e.length<2)return;BOOMR.plugins.customEvents.endTimer(e[1]);break}};for(i in _tbq){if(_tbq.hasOwnProperty(i)&&i!="push"){_tbq.push(_tbq[i]);delete _tbq[i]}}}catch(t){}})(window);</script><script nonce="UJ1pMmx1_J92o0WA">    window.globalPluginDefinitions = window.globalPluginDefinitions || [];
  </script><script nonce="UJ1pMmx1_J92o0WA">    window.globalWorkerMessages = window.globalWorkerMessages || [];
  </script><script nonce="UJ1pMmx1_J92o0WA">    window.globalPluginDefinitions.push('https://www.walmart.com/sw-plugins/eperf-optimized-assets-original-url.8b53f51b.js');
  </script><script nonce="UJ1pMmx1_J92o0WA">    window.globalWorkerMessages.push({
      command: 'SET_PLUGIN_FILTER',
      data: {
        name: 'eperf-optimized-assets-original-url',
        filter: {
      type: "url-host",
      value: "i5.walmartimages.com"
    }      }
    });
  </script><script nonce="UJ1pMmx1_J92o0WA">    window.globalWorkerMessages.push({
      command: 'SET_PLUGIN_STATE',
      data:{
        name:'eperf-optimized-assets-original-url',
        state:'ENABLED'
      }
    });
  </script><script nonce="UJ1pMmx1_J92o0WA">window.globalPluginDefinitions = window.globalPluginDefinitions || [];window.globalWorkerMessages = window.globalWorkerMessages || [];window.globalPluginDefinitions.push('https://www.walmart.com/sw-plugins/eperf-optimized-assets-metric.6524ad95.js');window.globalWorkerMessages.push({command: 'SET_PLUGIN_FILTER',data: {name: 'eperf-optimized-assets-metric',filter: {type: "and",value: [{type: "or",value: ["i5.walmartimages.com", "i5.wal.co"].map(function(host) {return { type: "url-host", value: host };})},{ type: "sample", value: 0.01 }]}}});window.globalWorkerMessages.push({command: 'SET_PLUGIN_STATE',data:{name:'eperf-optimized-assets-metric',state:'ENABLED',filter: undefined}});window.globalPluginDefinitions.push('https://www.walmart.com/sw-plugins/eperf-optimization-metrics.a586fd7d.js');window.globalWorkerMessages.push({command: 'SET_PLUGIN_FILTER',data: {name: 'eperf-optimization-metrics',filter: {type: "and",value: [{ type: "url-host", value: "i5.walmartimages.com" },{ type: "sample", value: 0.01 }]}}});window.globalWorkerMessages.push({command: 'SET_PLUGIN_STATE',data:{name:'eperf-optimization-metrics',state:'ENABLED',filter: undefined}});window.globalPluginDefinitions.push('https://www.walmart.com/sw-plugins/ecdn-cdn-perf.6524ad95.js');window.globalWorkerMessages.push({command: 'SET_PLUGIN_FILTER',data: {name: 'ecdn-cdn-perf',filter: {type: "and",value: [{ type: "url-host", value: "i5.walmartimages.com" },{ type: "sample", value: 0.01 }]}}});window.globalWorkerMessages.push({command: 'SET_PLUGIN_STATE',data:{name:'ecdn-cdn-perf',state:'ENABLED',filter: undefined}});window.globalPluginDefinitions.push('https://www.walmart.com/sw-plugins/ecdn-cache-status.fe7aa234.js');window.globalWorkerMessages.push({command: 'SET_PLUGIN_FILTER',data: {name: 'ecdn-cache-status',filter: {type: "and",value: [{ type: "url-host", value: "i5.walmartimages.com" },{ type: "sample", value: 0.01 }]}}});window.globalWorkerMessages.push({command: 'SET_PLUGIN_STATE',data:{name:'ecdn-cache-status',state:'ENABLED',filter: undefined}});window.globalPluginDefinitions.push('https://www.walmart.com/sw-plugins/grocery-pwa.5725d7c8.js');window.globalWorkerMessages.push({command: 'SET_PLUGIN_STATE',data:{name:'grocery-pwa',state:'ENABLED',filter: {type: "url-path",value: new RegExp("^/grocery")}}});</script><script nonce="UJ1pMmx1_J92o0WA">window.globalPluginDefinitions.push('https://www.walmart.com/sw-plugins/latency-tracker.ff42f3d6.js');window.globalWorkerMessages.push({command: 'SET_PLUGIN_FILTER',data: {name: 'latency-tracker',filter: {type: "and",value: [{ type: "url-host", value: "www.walmart.com" },{type: "or",value: [{type: "and",value: [{ type: "method", value: "GET" },{ type: "sample", value: 0.05 }]},{type: "and",value: [{ type: "method", value: "POST" },{ type: "url-path", value: new RegExp("^/orchestra") }]}]}]}}});window.globalWorkerMessages.push({command: 'SET_PLUGIN_STATE',data:{name:'latency-tracker',state:'ENABLED',filter: undefined}});</script><script nonce="UJ1pMmx1_J92o0WA">window.globalWorkerMessages = window.globalWorkerMessages || [];var patch = {environment: "prod",publish_sampling_rate: 0.01,navigation_preload: "enabled",status_check_url: "https://t3.wal.co/sw/status",status_check_interval_ms: 300000,min_required_memory_gb: 8};window.SERVICE_WORKER_CONFIGURATION = !!window.SERVICE_WORKER_CONFIGURATION? Object.assign(window.SERVICE_WORKER_CONFIGURATION, patch): patch;window.globalWorkerMessages.push({command: 'SET_GLOBAL_FILTER',data: {filter: {type: "or",value: [{ type: "url-host", value: "i5.walmartimages.com" },{ type: "url-host", value: "i5.wal.co" },{ type: "url-host", value: "www.walmart.com" },{type: "and",value: [{ type: "referrer-path", value: new RegExp("^/grocery") },{ type: "url-path", value: new RegExp("^/grocery") }]}]}}});</script><script async="async" defer="defer" src="/sw-register.js" nonce="UJ1pMmx1_J92o0WA"></script><script nonce="UJ1pMmx1_J92o0WA">window._pxAppId = 'PXu6b0qd2S'</script><script async="async" defer="defer" src="/px/PXu6b0qd2S/init.js" nonce="UJ1pMmx1_J92o0WA"></script></body></html>