<!DOCTYPE html><html lang="en"><head nonce="iP5_-qTf08k71pht"><link href="//dis.criteo.com" rel="dns-prefetch"/><link href="//ib.adnxs.com" rel="dns-prefetch"/><link href="//secure-assets.rubiconproject.com" rel="dns-prefetch"/><link href="//beam.hlserve.com" rel="dns-prefetch"/><link href="//pubads.g.doubleclick.net" rel="dns-prefetch"/><link href="//omniture-ssl.walmart.com" rel="dns-prefetch"/><link href="//omniture.walmart.com" rel="dns-prefetch"/><link href="//p.typekit.net" rel="dns-prefetch"/><link href="//pagead2.googlesyndication.com" rel="dns-prefetch"/><link href="//partner.googleadservices.com" rel="dns-prefetch"/><link href="//tpc.googlesyndication.com" rel="dns-prefetch"/><link href="//beacon.walmart.com" rel="dns-prefetch"/><link href="//b.wal.co" rel="dns-prefetch"/><link href="//i5.walmartimages.com" rel="dns-prefetch"/><meta name="viewport" content="width=device-width"/><meta charset="utf-8"/><meta property="fb:app_id" content="105223049547814"/><link rel="preload" crossorigin="anonymous" href="https://i5.walmartimages.com/dfw/63fd9f59-a78c/fcfae9b6-2f69-4f89-beed-f0eeb4237946/v1/BogleWeb_subset-Bold.woff2" as="font" type="font/woff2"/><link rel="preload" crossorigin="anonymous" href="https://i5.walmartimages.com/dfw/63fd9f59-a78c/fcfae9b6-2f69-4f89-beed-f0eeb4237946/v1/BogleWeb_subset-Regular.woff2" as="font" type="font/woff2"/><script defer="" src="https://www.walmart.com/px/PXu6b0qd2S/init.js" nonce="iP5_-qTf08k71pht"></script><script nonce="iP5_-qTf08k71pht">var _bcq = _bcq || [];_bcq.push(['_setOptions', { start_time: (new Date()).getTime(), bd: 'beacon.walmart.com', bh: 'beacon.lightestwithqm.walmart.com', sv: '1.0.59' }]);</script><script async="" nonce="iP5_-qTf08k71pht" src="//i5.walmartimages.com/beacon/beacon.js?bd=beacon.walmart.com&amp;bh=beacon.lightestwithqm.walmart.com"></script><link rel="preload" as="image" href="//i5.walmartimages.com/dfw/63fd9f59-b3e1/7a569e53-f29a-4c3d-bfaf-6f7a158bfadd/v1/walmartLogo.svg"/><title>pizza - Walmart.com</title><meta property="og:title" content="pizza - Walmart.com"/><meta name="description" property="og:description" content="pizza - Walmart.com"/><meta property="og:image" content="https://i5.walmartimages.com/asr/6ed6d3c6-e65b-4546-88c0-c94132a5b85f.d9add2dd11231444d94053b6d7df88f0.jpeg?odnHeight=180&amp;odnWidth=180&amp;odnBg=ffffff"/><meta name="next-head-count" content="13"/><link nonce="iP5_-qTf08k71pht" rel="preload" href="https://i5.walmartimages.com/dfw/63fd9f59-7f10/f39d4daf-be64-4c7a-b470-b7275856c4da/v2/_next/static/css/a6cad371ba458043f84b.css" as="style"/><link nonce="iP5_-qTf08k71pht" rel="stylesheet" href="https://i5.walmartimages.com/dfw/63fd9f59-7f10/f39d4daf-be64-4c7a-b470-b7275856c4da/v2/_next/static/css/a6cad371ba458043f84b.css" data-n-g=""/><noscript data-n-css="iP5_-qTf08k71pht"></noscript><script defer="" nonce="iP5_-qTf08k71pht" nomodule="" src="https://i5.walmartimages.com/dfw/63fd9f59-7f10/f39d4daf-be64-4c7a-b470-b7275856c4da/v2/_next/static/chunks/polyfills-4a4cd472cd681630e092.js"></script><script defer="" src="https://i5.walmartimages.com/dfw/63fd9f59-7f10/f39d4daf-be64-4c7a-b470-b7275856c4da/v2/_next/static/chunks/114.8a9393ce6f514d1111d4.js" nonce="iP5_-qTf08k71pht"></script><script defer="" src="https://i5.walmartimages.com/dfw/63fd9f59-7f10/f39d4daf-be64-4c7a-b470-b7275856c4da/v2/_next/static/chunks/5404.c7311845d9a2d5f4eca4.js" nonce="iP5_-qTf08k71pht"></script><script defer="" src="https://i5.walmartimages.com/dfw/63fd9f59-7f10/f39d4daf-be64-4c7a-b470-b7275856c4da/v2/_next/static/chunks/345.e836dcb95cf580f4c8b6.js" nonce="iP5_-qTf08k71pht"></script><script defer="" src="https://i5.walmartimages.com/dfw/63fd9f59-7f10/f39d4daf-be64-4c7a-b470-b7275856c4da/v2/_next/static/chunks/1923.60c59f27ac123974a5a3.js" nonce="iP5_-qTf08k71pht"></script><script defer="" src="https://i5.walmartimages.com/dfw/63fd9f59-7f10/f39d4daf-be64-4c7a-b470-b7275856c4da/v2/_next/static/chunks/513.e2c279cac08a255e6196.js" nonce="iP5_-qTf08k71pht"></script><script defer="" src="https://i5.walmartimages.com/dfw/63fd9f59-7f10/f39d4daf-be64-4c7a-b470-b7275856c4da/v2/_next/static/chunks/5850.a0d738b891bae7f7a90b.js" nonce="iP5_-qTf08k71pht"></script><script defer="" src="https://i5.walmartimages.com/dfw/63fd9f59-7f10/f39d4daf-be64-4c7a-b470-b7275856c4da/v2/_next/static/chunks/4940.0702e551222c7f7a35eb.js" nonce="iP5_-qTf08k71pht"></script><script defer="" src="https://i5.walmartimages.com/dfw/63fd9f59-7f10/f39d4daf-be64-4c7a-b470-b7275856c4da/v2/_next/static/chunks/8350.a525c7be02eb14119f5a.js" nonce="iP5_-qTf08k71pht"></script><script defer="" src="https://i5.walmartimages.com/dfw/63fd9f59-7f10/f39d4daf-be64-4c7a-b470-b7275856c4da/v2/_next/static/chunks/1484.e3415b8c02e1209834b2.js" nonce="iP5_-qTf08k71pht"></script><script defer="" src="https://i5.walmartimages.com/dfw/63fd9f59-7f10/f39d4daf-be64-4c7a-b470-b7275856c4da/v2/_next/static/chunks/7965.c2687eb683134bd56abb.js" nonce="iP5_-qTf08k71pht"></script><script defer="" src="https://i5.walmartimages.com/dfw/63fd9f59-7f10/f39d4daf-be64-4c7a-b470-b7275856c4da/v2/_next/static/chunks/1903-8c69837eddb17e0f0163.js" nonce="iP5_-qTf08k71pht"></script><script defer="" src="https://i5.walmartimages.com/dfw/63fd9f59-7f10/f39d4daf-be64-4c7a-b470-b7275856c4da/v2/_next/static/chunks/861.4ef8a61d1d5ca854f61c.js" nonce="iP5_-qTf08k71pht"></script><script defer="" src="https://i5.walmartimages.com/dfw/63fd9f59-7f10/f39d4daf-be64-4c7a-b470-b7275856c4da/v2/_next/static/chunks/6107.769f43df21235b30b777.js" nonce="iP5_-qTf08k71pht"></script><script defer="" src="https://i5.walmartimages.com/dfw/63fd9f59-7f10/f39d4daf-be64-4c7a-b470-b7275856c4da/v2/_next/static/chunks/6559.7298e4d28b5bf0d675a0.js" nonce="iP5_-qTf08k71pht"></script><script src="https://i5.walmartimages.com/dfw/63fd9f59-7f10/f39d4daf-be64-4c7a-b470-b7275856c4da/v2/_next/static/chunks/webpack-2546359339992df33c5d.js" nonce="iP5_-qTf08k71pht" defer=""></script><script src="https://i5.walmartimages.com/dfw/63fd9f59-7f10/f39d4daf-be64-4c7a-b470-b7275856c4da/v2/_next/static/chunks/main-d4882edf5cbeb331f61e.js" nonce="iP5_-qTf08k71pht" defer=""></script><script src="https://i5.walmartimages.com/dfw/63fd9f59-7f10/f39d4daf-be64-4c7a-b470-b7275856c4da/v2/_next/static/chunks/pages/_app-f9edd3495969c1e52d37.js" nonce="iP5_-qTf08k71pht" defer=""></script><script src="https://i5.walmartimages.com/dfw/63fd9f59-7f10/f39d4daf-be64-4c7a-b470-b7275856c4da/v2/_next/static/chunks/329-caa8803105e2b7a44bcc.js" nonce="iP5_-qTf08k71pht" defer=""></script><script src="https://i5.walmartimages.com/dfw/63fd9f59-7f10/f39d4daf-be64-4c7a-b470-b7275856c4da/v2/_next/static/chunks/2121-c11ad5a65b46e65e1de7.js" nonce="iP5_-qTf08k71pht" defer=""></script><script src="https://i5.walmartimages.com/dfw/63fd9f59-7f10/f39d4daf-be64-4c7a-b470-b7275856c4da/v2/_next/static/chunks/9315-6acf961cd8745b415fc7.js" nonce="iP5_-qTf08k71pht" defer=""></script><script src="https://i5.walmartimages.com/dfw/63fd9f59-7f10/f39d4daf-be64-4c7a-b470-b7275856c4da/v2/_next/static/chunks/8378-2033cda9a963a50bfaa9.js" nonce="iP5_-qTf08k71pht" defer=""></script><script src="https://i5.walmartimages.com/dfw/63fd9f59-7f10/f39d4daf-be64-4c7a-b470-b7275856c4da/v2/_next/static/chunks/7124-2b7854e70e859a5e16b0.js" nonce="iP5_-qTf08k71pht" defer=""></script><script src="https://i5.walmartimages.com/dfw/63fd9f59-7f10/f39d4daf-be64-4c7a-b470-b7275856c4da/v2/_next/static/chunks/8340-16e7cfaa8392bc349d0f.js" nonce="iP5_-qTf08k71pht" defer=""></script><script src="https://i5.walmartimages.com/dfw/63fd9f59-7f10/f39d4daf-be64-4c7a-b470-b7275856c4da/v2/_next/static/chunks/4580-3634e1f9b5b84bece6cc.js" nonce="iP5_-qTf08k71pht" defer=""></script><script src="https://i5.walmartimages.com/dfw/63fd9f59-7f10/f39d4daf-be64-4c7a-b470-b7275856c4da/v2/_next/static/chunks/9402-5ee4199130f2d062cc32.js" nonce="iP5_-qTf08k71pht" defer=""></script><script src="https://i5.walmartimages.com/dfw/63fd9f59-7f10/f39d4daf-be64-4c7a-b470-b7275856c4da/v2/_next/static/chunks/pages/search-caf1428ce2ab87422e4e.js" nonce="iP5_-qTf08k71pht" defer=""></script><script src="https://i5.walmartimages.com/dfw/63fd9f59-7f10/f39d4daf-be64-4c7a-b470-b7275856c4da/v2/_next/static/production_20211006T193458787Z/_buildManifest.js" nonce="iP5_-qTf08k71pht" defer=""></script><script src="https://i5.walmartimages.com/dfw/63fd9f59-7f10/f39d4daf-be64-4c7a-b470-b7275856c4da/v2/_next/static/production_20211006T193458787Z/_ssgManifest.js" nonce="iP5_-qTf08k71pht" defer=""></script><script nonce="iP5_-qTf08k71pht">var TBRewriteHostAltWeight = 10.000000;</script><script async="async" defer="defer" src="//i5.walmartimages.com/a14/capabilities.min.js" nonce="iP5_-qTf08k71pht"></script></head><body><div id="__next"><div class=""><div data-testid="layout-container" class="flex flex-column min-vh-100 shadow-2" style="transform:none;transition:transform .2s"><span><a link-identifier="Generic Name" href="#maincontent" class="slider left-0 top-0 fixed bg-white-90">Skip to Main Content</a><header class="bg-blue fixed w-100 z-1 top-0"><div class="center flex items-center justify-center pa4"><a link-identifier="walmartLogo" aria-label="Walmart Homepage" class="flex-none mr3" href="/"><img loading="lazy" alt="Walmart" class="db" height="32" src="//i5.walmartimages.com/dfw/63fd9f59-b3e1/7a569e53-f29a-4c3d-bfaf-6f7a158bfadd/v1/walmartLogo.svg" width="130"/></a><div class="relative"><button type="button" class="flex items-center no-underline ph3 white desktop-header-trigger lh-title b pointer ba b--transparent bg-transparent sans-serif" style="border-radius:100px;height:40px;transition:all 100ms cubic-bezier(0.77, 0, 0.175, 1)" aria-haspopup="true" aria-expanded="false"><i class="ld ld-Grid mr2" style="font-size:1rem;vertical-align:-0.175em" aria-hidden="true"></i>Departments</button><div class="absolute bg-white br3 br--bottom left-0 lh-copy mt4 overflow-hidden shadow-1 dn" data-testid="departments-flyout" style="left:50%;transform:none;margin-left:-135px;max-height:0"><div class="flex"><div class="f6 overflow-auto" style="width:246px;max-height:0;height:100%"><ul class="list ma0 pa0 pb3 pt4"></ul></div></div></div></div><div class="relative"><button type="button" class="flex items-center no-underline ph3 white desktop-header-trigger lh-title b pointer ba b--transparent bg-transparent sans-serif" style="border-radius:100px;height:40px;transition:all 100ms cubic-bezier(0.77, 0, 0.175, 1)" aria-haspopup="true" aria-expanded="false"><i class="ld ld-Services mr2" style="font-size:1rem;vertical-align:-0.175em" aria-hidden="true"></i>Services</button><div class="absolute bg-white br3 br--bottom left-0 lh-copy mt4 overflow-hidden shadow-1 dn" data-testid="services-flyout" style="left:50%;transform:none;margin-left:-135px;max-height:0"><div class="flex"><div class="f6 overflow-auto" style="width:246px;max-height:0;height:100%"><ul class="list ma0 pa0 pb3 pt4"></ul></div></div></div></div><form action="/search" autocomplete="off" class="flex-auto ml3" role="search"><div class="flex flex-auto items-center relative"><input type="search" aria-label="Search" aria-activedescendant="" class="b--none f5 flex-auto lh-solid sans-serif br-pill" name="q" placeholder="Search everything at Walmart online and in store" style="height:40px;padding-left:1rem;padding-right:1rem" value="pizza"/><button aria-label="Search icon" class="absolute bn br-100 bg-gold h3 w3" style="right:0.25rem"><i class="ld ld-Search absolute" style="font-size:1rem;vertical-align:-0.175em;top:50%;left:50%;transform:translate(-50%, -50%)" aria-hidden="true"></i></button></div></form><div class="ml3 relative"><a link-identifier="Reorder my items" class="flex items-center no-underline ph3 white desktop-header-trigger lh-title lh-solid" style="border-radius:100px;height:40px;transition:all 100ms cubic-bezier(0.77, 0, 0.175, 1)" aria-haspopup="true" aria-expanded="false" href="/my-items"><i class="ld ld-Reorder" style="font-size:1rem;vertical-align:-0.175em" aria-hidden="true"></i><div class="ml2 nowrap"><div class="f7 lh-title">Reorder</div><div class="b">My Items</div></div></a><div class="absolute bg-white br3 br--bottom left-0 lh-copy mt4 overflow-hidden shadow-1 dn" data-testid="my-items-flyout" style="left:50%;transform:translateX(-50%)"><div class="ph4 pt4 pb2"><a link-identifier="Reorder" class="dark-gray db f6 no-underline nowrap desktop-header-flyout-link mb3" href="/my-items"><i class="ld ld-Reorder mr2" style="font-size:1rem;vertical-align:-0.175em"></i>Reorder</a><a link-identifier="Lists" class="dark-gray db f6 no-underline nowrap desktop-header-flyout-link mb3" href="/lists"><i class="ld ld-List mr2" style="font-size:1rem;vertical-align:-0.175em"></i>Lists</a><a link-identifier="Registries" class="dark-gray db f6 no-underline nowrap desktop-header-flyout-link mb3" href="/my-registries"><i class="ld ld-Gift mr2" style="font-size:1rem;vertical-align:-0.175em"></i>Registries</a></div></div></div><div class="relative"><a link-identifier="Account" class="flex items-center no-underline ph3 white desktop-header-trigger lh-title lh-solid" style="border-radius:100px;height:40px;transition:all 100ms cubic-bezier(0.77, 0, 0.175, 1)" aria-haspopup="true" aria-expanded="false" href="/account/login?vid=oaoh"><i class="ld ld-User" style="font-size:1rem;vertical-align:-0.175em" aria-hidden="true"></i><div class="ml2 nowrap"><div class="f7 mw3 mw4-xl lh-title truncate">Sign In</div><div class="b">Account</div></div></a><div class="absolute bg-white br3 br--bottom left-0 lh-copy mt4 overflow-hidden shadow-1 dn" data-testid="account-flyout" style="left:50%;transform:translateX(-50%)"><div class="pa4"><button class="w_AH w_AJ w_AN db mb3 w-100" type="button">Sign in</button><a link-identifier="Create an account" class="no-underline" href="/account/signup?vid=oaoh"><button class="w_AH w_AK w_AN db mb3 w-100" type="button" tabindex="-1">Create an account</button></a><hr aria-hidden="true" class="w_CY mb3"/><a link-identifier="Purchase History" class="dark-gray db f6 no-underline nowrap desktop-header-flyout-link" href="/orders"><i class="ld ld-Receipt mr2" style="font-size:1rem;vertical-align:-0.175em"></i>Purchase History</a></div></div></div><div class="ml3" style="width:40px"><button type="button" aria-label="Cart contains 0 items" class="bn bg-transparent br2 db flex flex-column items-center pa0 pointer relative sans-serif white"><i class="ld ld-Cart white" style="font-size:1.5rem;vertical-align:-0.25em"></i><span class="w_1 w_9 w_7 absolute right-0 top-0" style="transform:translate(50%, -50%)">0</span><span class="db" style="font-size:.625rem">$0.00</span></button></div></div></header></span><div class="flex flex-column flex-auto relative z-0" aria-hidden="false" style="padding-top:88px"><div class="flex-auto relative z-1"><section data-testid="location-banner" class="bg-dark-blue white pv1"><div class="center items-center flex flex-auto ph3 ph4-m overflow-hidden" style="line-height:2"><button class="w_AH w_AL w_AN white hover-white pa0 no-underline" type="button" name="select-store-button" tabindex="0"><i class="ld ld-Store mr2" style="font-size:1rem;vertical-align:-0.175em"></i><span class="f7 f6-m underline pointer">San Antonio Supercenter</span></button><span class="mh2">|</span><button class="w_AH w_AL w_AN white hover-white pa0 no-underline truncate" type="button" name="select-location-button" tabindex="0"><i class="ld ld-Location mr2" style="font-size:1rem;vertical-align:-0.175em"></i><span class="f7 f6-m underline pointer truncate">San Antonio, 78242</span></button></div></section><div class="center" style="max-width:1280px"><main data-sis-url="http://search-interface.walmart.net/v1/search?query=pizza&amp;facet=&amp;stores=999&amp;cat_id=&amp;sort=best_match&amp;page=2&amp;min_price=&amp;max_price=&amp;spelling=true&amp;ptss=&amp;trsp=&amp;prg=desktop&amp;affinityOverride=store_led&amp;storeSlotBooked=&amp;stateOrProvinceCode=TX&amp;ps=40&amp;zipcode=78242&amp;recall_set=&amp;inCatchment=true&amp;latitude=29.3531&amp;longitude=-98.614&amp;extended_zipcode=78242&amp;addressId=" class="overflow-hidden"><div data-testid="flex-container" class="flex flex-column h-100"><div class="h-100 relative"><div data-testid="flex-container" class="flex flex-column h-100"><div class="h-100 relative"><div class="mh4-xl mh3-m" data-testid="skyline"><iframe class="w-100 v-mid bw0 skeleton-bone br4" height="54" title="Walmart Advertisement"></iframe></div><span><span data-module-data="{&#34;__typename&#34;:&#34;TempoWM_GLASSWWWBrandAmplifierAdConfigs&#34;,&#34;_rawConfigs&#34;:{&#34;moduleLocation&#34;:&#34;top&#34;},&#34;moduleLocation&#34;:&#34;top&#34;,&#34;ad&#34;:{&#34;status&#34;:&#34;SUCCESS&#34;,&#34;moduleType&#34;:&#34;BrandAmplifierAd&#34;,&#34;platform&#34;:&#34;DESKTOP&#34;,&#34;pageId&#34;:&#34;pizza&#34;,&#34;pageType&#34;:&#34;SEARCH&#34;,&#34;storeId&#34;:&#34;999&#34;,&#34;stateCode&#34;:&#34;TX&#34;,&#34;zipCode&#34;:&#34;78242&#34;,&#34;pageContext&#34;:{&#34;searchNormalize&#34;:{&#34;normalized_query&#34;:&#34;pizza&#34;,&#34;original_query&#34;:&#34;pizza&#34;,&#34;rewritten_query&#34;:&#34;pizza&#34;,&#34;specificity&#34;:&#34;broad&#34;,&#34;top_query_cat_path&#34;:&#34;/976759/976791/5774679/3790397&#34;,&#34;top_query_cat_path_name&#34;:&#34;/Food/Frozen Foods/Frozen Pizza, Pasta, &amp; Breads/Frozen Meat Pizzas&#34;,&#34;analytics_log&#34;:{&#34;fe_log&#34;:{&#34;tq&#34;:1,&#34;dept&#34;:&#34;/976759/976791/5774679/3790397&#34;,&#34;g&#34;:&#34;S&#34;,&#34;s&#34;:&#34;b&#34;,&#34;trf&#34;:&#34;ht&#34;}}}},&#34;moduleConfigs&#34;:{&#34;moduleLocation&#34;:&#34;top&#34;},&#34;adsContext&#34;:{&#34;locationContext&#34;:{&#34;zipCode&#34;:&#34;78242&#34;,&#34;stateCode&#34;:&#34;TX&#34;,&#34;storeId&#34;:&#34;999&#34;,&#34;pickupStore&#34;:null,&#34;deliveryStore&#34;:null,&#34;intent&#34;:null,&#34;incatchment&#34;:true},&#34;itemId&#34;:&#34;&#34;,&#34;categoryId&#34;:&#34;976759_976791_5774679_3790397&#34;,&#34;categoryName&#34;:&#34;Food/Frozen Foods/Frozen Pizza, Pasta, &amp; Breads/Frozen Meat Pizzas&#34;,&#34;brand&#34;:&#34;&#34;,&#34;productName&#34;:&#34;&#34;,&#34;productTypeId&#34;:&#34;&#34;,&#34;normKeyword&#34;:&#34;pizza&#34;,&#34;verticalId&#34;:&#34;&#34;,&#34;dedupeList&#34;:[&#34;&#34;]},&#34;adRequestComposite&#34;:{&#34;isDebug&#34;:false,&#34;isManualShelf&#34;:false,&#34;keyword&#34;:&#34;pizza&#34;},&#34;adContent&#34;:{&#34;type&#34;:&#34;SPONSORED_PRODUCTS&#34;,&#34;data&#34;:{&#34;__typename&#34;:&#34;SponsoredBrands&#34;,&#34;adUuid&#34;:&#34;34f346a1-c09f-46d3-a7c0-5b0065752b6a&#34;,&#34;adExpInfo&#34;:null,&#34;moduleInfo&#34;:&#34;{\&#34;adExpId\&#34;:\&#34;\&#34;,\&#34;bucketId\&#34;:\&#34;2243\&#34;}&#34;,&#34;brands&#34;:[]}}}}"></span></span><section><section aria-label="Sort and Filter section" class="w-100 flex flex-shrink-0 hidesb hidesb-wk pl3 ph4-xl pv3 relative z-max overflow-x-auto"><div class="flex flex-row flex-shrink-0 items-center br-pill bn bg-near-white mr2"><button type="button" class="f6 pv2 br-pill bn sans-serif flex bg-near-white pointer" aria-label="All filters "><i class="ld ld-Filter ph2" style="font-size:1rem;vertical-align:-0.175em" aria-hidden="true" data-testid="Filter-icon"></i><span class="flex pointer pr3" aria-hidden="true">All filters</span></button></div><div aria-hidden="true" class="br b--near-white h-inherit mr2"></div><div class="flex flex-row flex-shrink-0 items-center br-pill bn bg-near-white mr2"><button type="button" class="f6 pv2 br-pill bn sans-serif flex bg-near-white pointer" aria-label="In-store "><i class="ld ld-Store ph2" style="font-size:1rem;vertical-align:-0.175em" aria-hidden="true" data-testid="Store-icon"></i><span class="flex pointer pr3" aria-hidden="true">In-store</span></button></div><div class="flex flex-row flex-shrink-0 items-center br-pill bn bg-near-white mr2"><span class="w_F w_J" style="display:inline"><button type="button" class="f6 pv2 br-pill bn sans-serif flex bg-near-white pointer" aria-label="Pickup &amp; shipping "><span class="flex pointer pl3" aria-hidden="true">Pickup &amp; shipping</span><i class="ld ld-ChevronDown mh2" style="font-size:1rem;vertical-align:-0.175em"></i></button></span></div><div class="flex flex-row flex-shrink-0 items-center br-pill bn bg-near-white mr2"><button type="button" class="f6 pv2 br-pill bn sans-serif flex bg-near-white pointer" aria-label="Price "><i class="ld ld-MoneyCircle ph2" style="font-size:1rem;vertical-align:-0.175em" aria-hidden="true" data-testid="MoneyCircle-icon"></i><span class="flex pointer" aria-hidden="true">Price</span><i class="ld ld-ChevronDown mh2" style="font-size:1rem;vertical-align:-0.175em"></i></button></div><div class="flex flex-row flex-shrink-0 items-center br-pill bn bg-near-white mr2"><button type="button" class="f6 pv2 br-pill bn sans-serif flex bg-near-white pointer" aria-label="Brand "><span class="flex pointer pl3" aria-hidden="true">Brand</span><i class="ld ld-ChevronDown mh2" style="font-size:1rem;vertical-align:-0.175em"></i></button></div><div class="flex flex-row flex-shrink-0 items-center br-pill bn bg-near-white mr2"><button type="button" class="f6 pv2 br-pill bn sans-serif flex bg-near-white pointer" aria-label="Departments "><span class="flex pointer pl3" aria-hidden="true">Departments</span><i class="ld ld-ChevronDown mh2" style="font-size:1rem;vertical-align:-0.175em"></i></button></div><div class="flex flex-row flex-shrink-0 items-center br-pill bn bg-near-white"><button type="button" class="f6 pv2 br-pill bn sans-serif flex bg-near-white pointer" aria-label="Speed "><i class="ld ld-Clock ph2" style="font-size:1rem;vertical-align:-0.175em" aria-hidden="true" data-testid="Clock-icon"></i><span class="flex pointer" aria-hidden="true">Speed</span><i class="ld ld-ChevronDown mh2" style="font-size:1rem;vertical-align:-0.175em"></i></button></div><div class="dark-gray flex flex-row items-center ml-auto flex-shrink-0"><span class="b mh2">Sort by</span>|<button type="button" class="bw0 bg-white sans-serif pointer pa1" aria-label="Sort by Best Match" aria-expanded="false" aria-haspopup="true">Best Match<i class="ld ld-ChevronDown pa0 ml6" style="font-size:1rem;vertical-align:-0.175em" arial-hiden="true" role="img"></i></button></div></section></section><hr aria-hidden="true" class="w_CY"/><section class="pv3" aria-label="Quick refinements"><div class="flex flex-column justify-center relative"><ul style="display:flex;grid-auto-flow:column;scroll-snap-type:x mandatory;max-height:fit-content" class="list ma0 pl0 overflow-x-scroll hidesb hidesb-wk relative overflow-y-hidden pl3 spl3 pl4-xl" data-testid="carousel-container"><li class="flex flex-column items-center " data-slide="0"><button class="w_CZ w_Cc mr2" type="button" role="link">crust</button></li><li class="flex flex-column items-center " data-slide="1"><button class="w_CZ w_Cc mr2" type="button" role="link">digiorno</button></li><li class="flex flex-column items-center " data-slide="2"><button class="w_CZ w_Cc mr2" type="button" role="link">marketside</button></li><li class="flex flex-column items-center " data-slide="3"><button class="w_CZ w_Cc mr2" type="button" role="link">red baron</button></li><li class="flex flex-column items-center " data-slide="4"><button class="w_CZ w_Cc mr2" type="button" role="link">rolls</button></li><li class="flex flex-column items-center " data-slide="5"><button class="w_CZ w_Cc mr2" type="button" role="link">tombstone</button></li><li class="flex flex-column items-center " data-slide="6"><button class="w_CZ w_Cc mr2" type="button" role="link">thin crust</button></li><li class="flex flex-column items-center " data-slide="7"><button class="w_CZ w_Cc mr2" type="button" role="link">stuff crust</button></li><li class="flex flex-column items-center " data-slide="8"><button class="w_CZ w_Cc mr2" type="button" role="link">cheese</button></li><li class="flex flex-column items-center " data-slide="9"><button class="w_CZ w_Cc mr2 mr4-xl" type="button" role="link">cauliflower</button></li><li class="carousel-right-gap db" aria-hidden="true"></li></ul><button aria-hidden="true" tabindex="-1" class="absolute dn z-999 bg-white br-100 pa0 pointer ba db-l br-100 ba b--black nav-control right-1 db"><i class="ld ld-ChevronRight" style="font-size:1.5rem;vertical-align:-0.25em;padding:12px"></i></button><button aria-hidden="true" tabindex="-1" class="absolute dn z-999 bg-white br-100 pa0 pointer ba br-100 ba b--black nav-control left-1"><i class="ld ld-ChevronLeft" style="font-size:1.5rem;vertical-align:-0.25em;padding:12px"></i></button><div class="dn"></div></div><div class="dn"><a link-identifier="Generic Name">crust</a><a link-identifier="Generic Name">digiorno</a><a link-identifier="Generic Name">marketside</a><a link-identifier="Generic Name">red baron</a><a link-identifier="Generic Name">rolls</a><a link-identifier="Generic Name">tombstone</a><a link-identifier="Generic Name">thin crust</a><a link-identifier="Generic Name">stuff crust</a><a link-identifier="Generic Name">cheese</a><a link-identifier="Generic Name">cauliflower</a></div></section><hr aria-hidden="true" class="w_CY"/></div></div></div><div class="h-100 relative"><div data-testid="flex-container" class="flex flex-column h-100"><div class="h-100 relative"><div data-stack-index="0" class="flex flex-column justify-center"><section><div class="flex flex-wrap w-100 flex-grow-0 flex-shrink-0 ph2 pr0-xl pl4-xl mt0-xl mt3"><div class="mb1 ph1 pa0-xl bb b--near-white w-25"><div class="h-100 pb1-xl pr4-xl pv1 ph1" style="content-visibility:auto;contain-intrinsic-size:198px 340px"><div data-item-id="6VEZK1VD6DFK" class="sans-serif mid-gray relative flex flex-column w-100 "><a link-identifier="51350824" href="https://wrd.walmart.com/track?tax=976759_976791_5774679_3790397&amp;pltfm=desktop&amp;pt=search&amp;mloc=sp-search-middle&amp;storeId=999&amp;adUid=lfiG0-HFbfUzxMedZBajwBkCu-MFJMGOQeL5&amp;bt=1&amp;pgId=pizza&amp;pos=1&amp;spQs=UPzjCN4P1D4wxhvlJm_nFWyxmvB0V-ivq64eMQ_MfPTbv0NHVshmOz63rNyynj0vlihXx-6v1lj6jmU65ibmA7_oSkMRWT-IGPE3ag-yeCQ&amp;eventST=click&amp;plmt=sp-search-middle~desktop~&amp;rdf=1&amp;rd=https%3A%2F%2Fwww.walmart.com%2Fip%2FDIGIORNO-Three-Meat-Frozen-Pizza-on-a-Stuffed-Crust-24-5-oz%2F51350824" class="absolute w-100 h-100 z-1"><span class="w_DY">DIGIORNO Three Meat Frozen Pizza on a Stuffed Crust 24.5 oz.<!-- --> </span></a><div class="" data-testid="list-view"><div class=""><div class="h2 relative mb2"></div><div class="relative"><div class="relative overflow-hidden" style="max-width:290px;height:0;padding-bottom:min(290px, 100%);align-self:center;width:min(290px, 100%)"><img loading="eager" srcset="https://i5.walmartimages.com/asr/6ed6d3c6-e65b-4546-88c0-c94132a5b85f.d9add2dd11231444d94053b6d7df88f0.jpeg?odnHeight=290&amp;odnWidth=290&amp;odnBg=FFFFFF 1x, https://i5.walmartimages.com/asr/6ed6d3c6-e65b-4546-88c0-c94132a5b85f.d9add2dd11231444d94053b6d7df88f0.jpeg?odnHeight=580&amp;odnWidth=580&amp;odnBg=FFFFFF 2x" width="" height="" class="absolute top-0 left-0" data-testid="productTileImage" alt="" src="https://i5.walmartimages.com/asr/6ed6d3c6-e65b-4546-88c0-c94132a5b85f.d9add2dd11231444d94053b6d7df88f0.jpeg?odnHeight=580&amp;odnWidth=580&amp;odnBg=FFFFFF"/></div><div class="absolute z-2 bottom--1"><button class="w_AH w_AJ w_AO pointer bn bg-blue hover-bg-dark-blue white sans-serif b w-auto ph2 flex items-center justify-center shadow-1" type="button" aria-label="Add to cart - DIGIORNO Three Meat Frozen Pizza on a Stuffed Crust 24.5 oz."><i class="ld ld-Plus" style="font-size:1.5rem;vertical-align:-0.25em" title="add to cart"></i><span class="mr2">Add</span></button></div></div><div class="mt5 mb1" style="height:24px" data-testid="variant-6VEZK1VD6DFK"><div class="flex items-center lh-title h2-l normal"><span class="gray f7">Sponsored</span></div></div></div><div class=""><div class="flex flex-wrap justify-start items-center lh-title mb2 mb1-m"><div class="b black f5 mr1 mr2-xl lh-copy f4-l" aria-hidden="true">$7.78</div><span class="w_DY">current price $7.78</span><div class="f7 f6-l gray mr1">31.8 ¢/oz</div></div><span class="w_Bd" style="-webkit-line-clamp:3;padding-bottom:0em;margin-bottom:-0em"><span class="f6 f5-l normal dark-gray mb0 mt1 lh-title">DIGIORNO Three Meat Frozen Pizza on a Stuffed Crust 24.5 oz.</span></span><div class="mv2 flex items-center"><div class="f7 mr1 blue b lh-copy">Save with</div><img loading="lazy" class="pr2 flex" src="//i5.walmartimages.com/dfw/63fd9f59-ac39/29c6759d-7f14-49fa-bd3a-b870eb4fb8fb/v1/wplus-icon-blue.svg" alt="Walmart Plus" height="20" width="20"/></div><div class="mt2 mb2"><span class="w_A w_C w_B mr1 mt1 ph1">Pickup</span><span class="w_A w_C w_B mr1 mt1 ph1">Delivery</span></div></div></div></div></div></div><div class="mb1 ph1 pa0-xl bb b--near-white w-25"><div class="h-100 pb1-xl pr4-xl pv1 ph1" style="content-visibility:auto;contain-intrinsic-size:198px 340px"><div data-item-id="4F2TS515M6JB" class="sans-serif mid-gray relative flex flex-column w-100 "><a link-identifier="433921687" href="https://wrd.walmart.com/track?tax=976759_976791_5774679_3790397&amp;pltfm=desktop&amp;pt=search&amp;mloc=sp-search-middle&amp;storeId=999&amp;adUid=lfiG0-HFbfUzxMedZBajwBkCu-MFJMGOQeL5&amp;bt=1&amp;pgId=pizza&amp;pos=2&amp;spQs=ySRsMQF6q8Ou_8mXVSLoXFRgIMRQ0ZBdTrUoZu2d8Kn-x8BQCeP8vfcFZwZYhPrXH-4a6tJsxTnTZ2NNuwpcXUTwCV_Exf0ECOxFcCZTExCWFD69o9WStg1fLUIpaNxH&amp;eventST=click&amp;plmt=sp-search-middle~desktop~&amp;rdf=1&amp;rd=https%3A%2F%2Fwww.walmart.com%2Fip%2FDIGIORNO-Three-Meat-Frozen-Pizza-on-a-Croissant-Crust-26-4-oz%2F433921687" class="absolute w-100 h-100 z-1"><span class="w_DY">DIGIORNO Three Meat Frozen Pizza on a Croissant Crust 26.4 oz.<!-- --> </span></a><div class="" data-testid="list-view"><div class=""><div class="h2 relative mb2"></div><div class="relative"><div class="relative overflow-hidden" style="max-width:290px;height:0;padding-bottom:min(290px, 100%);align-self:center;width:min(290px, 100%)"><img loading="eager" srcset="https://i5.walmartimages.com/asr/008fe38d-2376-4b10-a9ed-e4f64fcd1a14.d2b0f3dfc822420815d7ff3825e7d429.jpeg?odnHeight=290&amp;odnWidth=290&amp;odnBg=FFFFFF 1x, https://i5.walmartimages.com/asr/008fe38d-2376-4b10-a9ed-e4f64fcd1a14.d2b0f3dfc822420815d7ff3825e7d429.jpeg?odnHeight=580&amp;odnWidth=580&amp;odnBg=FFFFFF 2x" width="" height="" class="absolute top-0 left-0" data-testid="productTileImage" alt="" src="https://i5.walmartimages.com/asr/008fe38d-2376-4b10-a9ed-e4f64fcd1a14.d2b0f3dfc822420815d7ff3825e7d429.jpeg?odnHeight=580&amp;odnWidth=580&amp;odnBg=FFFFFF"/></div><div class="absolute z-2 bottom--1"><button class="w_AH w_AJ w_AO pointer bn bg-blue hover-bg-dark-blue white sans-serif b w-auto ph2 flex items-center justify-center shadow-1" type="button" aria-label="Add to cart - DIGIORNO Three Meat Frozen Pizza on a Croissant Crust 26.4 oz."><i class="ld ld-Plus" style="font-size:1.5rem;vertical-align:-0.25em" title="add to cart"></i><span class="mr2">Add</span></button></div></div><div class="mt5 mb1" style="height:24px" data-testid="variant-4F2TS515M6JB"><div class="flex items-center lh-title h2-l normal"><span class="gray f7">Sponsored</span></div></div></div><div class=""><div class="flex flex-wrap justify-start items-center lh-title mb2 mb1-m"><div class="b black f5 mr1 mr2-xl lh-copy f4-l" aria-hidden="true">$5.78</div><span class="w_DY">current price $5.78</span><div class="f7 f6-l gray mr1">21.9 ¢/oz</div></div><span class="w_Bd" style="-webkit-line-clamp:3;padding-bottom:0em;margin-bottom:-0em"><span class="f6 f5-l normal dark-gray mb0 mt1 lh-title">DIGIORNO Three Meat Frozen Pizza on a Croissant Crust 26.4 oz.</span></span><div class="mv2 flex items-center"><div class="f7 mr1 blue b lh-copy">Save with</div><img loading="lazy" class="pr2 flex" src="//i5.walmartimages.com/dfw/63fd9f59-ac39/29c6759d-7f14-49fa-bd3a-b870eb4fb8fb/v1/wplus-icon-blue.svg" alt="Walmart Plus" height="20" width="20"/></div><div class="mt2 mb2"><span class="w_A w_C w_B mr1 mt1 ph1">Pickup</span><span class="w_A w_C w_B mr1 mt1 ph1">Delivery</span></div></div></div></div></div></div><div class="mb1 ph1 pa0-xl bb b--near-white w-25"><div class="h-100 pb1-xl pr4-xl pv1 ph1" style="content-visibility:auto;contain-intrinsic-size:198px 340px"><div data-item-id="21HS0MNFWGZ7" class="sans-serif mid-gray relative flex flex-column w-100 "><a link-identifier="10813476" class="absolute w-100 h-100 z-1" href="/ip/Totino-s-Hamburger-Original-Crisp-Crust-Party-Pizza-1-Frozen-Pizza/10813476"><span class="w_DY">Totino&#39;s Hamburger Original Crisp Crust Party Pizza, 1 Frozen Pizza<!-- --> </span></a><div class="" data-testid="list-view"><div class=""><div class="h2 relative mb2"></div><div class="relative"><div class="relative overflow-hidden" style="max-width:290px;height:0;padding-bottom:min(290px, 100%);align-self:center;width:min(290px, 100%)"><img loading="eager" srcset="https://i5.walmartimages.com/asr/49a434b2-c7e9-485e-924d-e62d03c4cc4e.f309bdbc74d4368532b50a2d29ae6762.png?odnHeight=290&amp;odnWidth=290&amp;odnBg=FFFFFF 1x, https://i5.walmartimages.com/asr/49a434b2-c7e9-485e-924d-e62d03c4cc4e.f309bdbc74d4368532b50a2d29ae6762.png?odnHeight=580&amp;odnWidth=580&amp;odnBg=FFFFFF 2x" width="" height="" class="absolute top-0 left-0" data-testid="productTileImage" alt="" src="https://i5.walmartimages.com/asr/49a434b2-c7e9-485e-924d-e62d03c4cc4e.f309bdbc74d4368532b50a2d29ae6762.png?odnHeight=580&amp;odnWidth=580&amp;odnBg=FFFFFF"/></div><div class="absolute z-2 bottom--1"><button class="w_AH w_AJ w_AO pointer bn bg-blue hover-bg-dark-blue white sans-serif b w-auto ph2 flex items-center justify-center shadow-1" type="button" aria-label="Add to cart - Totino&#39;s Hamburger Original Crisp Crust Party Pizza, 1 Frozen Pizza"><i class="ld ld-Plus" style="font-size:1.5rem;vertical-align:-0.25em" title="add to cart"></i><span class="mr2">Add</span></button></div></div><div class="mt5 mb1" style="height:24px" data-testid="variant-21HS0MNFWGZ7"></div></div><div class=""><div class="flex flex-wrap justify-start items-center lh-title mb2 mb1-m"><div class="b black f5 mr1 mr2-xl lh-copy f4-l" aria-hidden="true">$1.30</div><span class="w_DY">current price $1.30</span><div class="f7 f6-l gray mr1">11.9 ¢/oz</div></div><span class="w_Bd" style="-webkit-line-clamp:3;padding-bottom:0em;margin-bottom:-0em"><span class="f6 f5-l normal dark-gray mb0 mt1 lh-title">Totino&#39;s Hamburger Original Crisp Crust Party Pizza, 1 Frozen Pizza</span></span><div class="mv2 flex items-center"><div class="f7 mr1 blue b lh-copy">Save with</div><img loading="lazy" class="pr2 flex" src="//i5.walmartimages.com/dfw/63fd9f59-ac39/29c6759d-7f14-49fa-bd3a-b870eb4fb8fb/v1/wplus-icon-blue.svg" alt="Walmart Plus" height="20" width="20"/></div><div class="mt2 mb2"><span class="w_A w_C w_B mr1 mt1 ph1">Pickup</span><span class="w_A w_C w_B mr1 mt1 ph1">Delivery</span></div></div></div></div></div></div><div class="mb1 ph1 pa0-xl bb b--near-white w-25"><div class="h-100 pb1-xl pr4-xl pv1 ph1" style="content-visibility:auto;contain-intrinsic-size:198px 340px"><div data-item-id="1RBXZUI574UT" class="sans-serif mid-gray relative flex flex-column w-100 "><a link-identifier="140886671" class="absolute w-100 h-100 z-1" href="/ip/MorningStar-Farms-Plant-Based-Vegan-Meatless-Original-Chicken-Strips-13-5oz-54-CT-Resealable-Bag-Frozen/140886671"><span class="w_DY">MorningStar Farms Plant Based Vegan Meatless Original Chicken Strips, 13.5oz, 54 CT Resealable Bag (Frozen)<!-- --> </span></a><div class="" data-testid="list-view"><div class=""><div class="h2 relative mb2"></div><div class="relative"><div class="relative overflow-hidden" style="max-width:290px;height:0;padding-bottom:min(290px, 100%);align-self:center;width:min(290px, 100%)"><img loading="eager" srcset="https://i5.walmartimages.com/asr/9509be2b-6dda-415b-818b-0577a7f19e88_3.a7a6d337d54b07adafafd2cd206af6f0.jpeg?odnHeight=290&amp;odnWidth=290&amp;odnBg=FFFFFF 1x, https://i5.walmartimages.com/asr/9509be2b-6dda-415b-818b-0577a7f19e88_3.a7a6d337d54b07adafafd2cd206af6f0.jpeg?odnHeight=580&amp;odnWidth=580&amp;odnBg=FFFFFF 2x" width="" height="" class="absolute top-0 left-0" data-testid="productTileImage" alt="" src="https://i5.walmartimages.com/asr/9509be2b-6dda-415b-818b-0577a7f19e88_3.a7a6d337d54b07adafafd2cd206af6f0.jpeg?odnHeight=580&amp;odnWidth=580&amp;odnBg=FFFFFF"/></div><div class="absolute z-2 bottom--1"><button class="w_AH w_AJ w_AO pointer bn bg-blue hover-bg-dark-blue white sans-serif b w-auto ph2 flex items-center justify-center shadow-1" type="button" aria-label="Add to cart - MorningStar Farms Plant Based Vegan Meatless Original Chicken Strips, 13.5oz, 54 CT Resealable Bag (Frozen)"><i class="ld ld-Plus" style="font-size:1.5rem;vertical-align:-0.25em" title="add to cart"></i><span class="mr2">Add</span></button></div></div><div class="mt5 mb1" style="height:24px" data-testid="variant-1RBXZUI574UT"></div></div><div class=""><div class="flex flex-wrap justify-start items-center lh-title mb2 mb1-m"><div class="b black f5 mr1 mr2-xl lh-copy f4-l" aria-hidden="true">$5.98</div><span class="w_DY">current price $5.98</span><div class="f7 f6-l gray mr1">19.3 ¢/oz</div></div><span class="w_Bd" style="-webkit-line-clamp:3;padding-bottom:0em;margin-bottom:-0em"><span class="f6 f5-l normal dark-gray mb0 mt1 lh-title">MorningStar Farms Plant Based Vegan Meatless Original Chicken Strips, 13.5oz, 54 CT Resealable Bag (Frozen)</span></span><div class="mv2 flex items-center"><div class="f7 mr1 blue b lh-copy">Save with</div><img loading="lazy" class="pr2 flex" src="//i5.walmartimages.com/dfw/63fd9f59-ac39/29c6759d-7f14-49fa-bd3a-b870eb4fb8fb/v1/wplus-icon-blue.svg" alt="Walmart Plus" height="20" width="20"/></div><div class="mt2 mb2"><span class="w_A w_C w_B mr1 mt1 ph1">Pickup</span><span class="w_A w_C w_B mr1 mt1 ph1">Delivery</span></div></div></div></div></div></div><div class="mb1 ph1 pa0-xl bb b--near-white w-25"><div class="h-100 pb1-xl pr4-xl pv1 ph1" style="content-visibility:auto;contain-intrinsic-size:198px 340px"><div data-item-id="3XIWSZPMD9PL" class="sans-serif mid-gray relative flex flex-column w-100 "><a link-identifier="373620893" class="absolute w-100 h-100 z-1" href="/ip/Great-Value-Thin-Crust-Four-Cheese-Pizza-15-55-Oz-Frozen/373620893"><span class="w_DY">Great Value Thin Crust Four Cheese Pizza, 15.55 Oz (Frozen)<!-- --> </span></a><div class="" data-testid="list-view"><div class=""><div class="h2 relative mb2"></div><div class="relative"><div class="relative overflow-hidden" style="max-width:290px;height:0;padding-bottom:min(290px, 100%);align-self:center;width:min(290px, 100%)"><img loading="lazy" srcset="https://i5.walmartimages.com/asr/cf1d45b5-8ce4-4118-a239-633c94a6198d_1.bd2469ad9d10e98f4829084305904999.jpeg?odnHeight=290&amp;odnWidth=290&amp;odnBg=FFFFFF 1x, https://i5.walmartimages.com/asr/cf1d45b5-8ce4-4118-a239-633c94a6198d_1.bd2469ad9d10e98f4829084305904999.jpeg?odnHeight=580&amp;odnWidth=580&amp;odnBg=FFFFFF 2x" width="" height="" class="absolute top-0 left-0" data-testid="productTileImage" alt="" src="https://i5.walmartimages.com/asr/cf1d45b5-8ce4-4118-a239-633c94a6198d_1.bd2469ad9d10e98f4829084305904999.jpeg?odnHeight=580&amp;odnWidth=580&amp;odnBg=FFFFFF"/></div><div class="absolute z-2 bottom--1"><button class="w_AH w_AJ w_AO pointer bn bg-blue hover-bg-dark-blue white sans-serif b w-auto ph2 flex items-center justify-center shadow-1" type="button" aria-label="Add to cart - Great Value Thin Crust Four Cheese Pizza, 15.55 Oz (Frozen)"><i class="ld ld-Plus" style="font-size:1.5rem;vertical-align:-0.25em" title="add to cart"></i><span class="mr2">Add</span></button></div></div><div class="mt5 mb1" style="height:24px" data-testid="variant-3XIWSZPMD9PL"></div></div><div class=""><div class="flex flex-wrap justify-start items-center lh-title mb2 mb1-m"><div class="b black f5 mr1 mr2-xl lh-copy f4-l" aria-hidden="true">$2.80</div><span class="w_DY">current price $2.80</span><div class="f7 f6-l gray mr1">18.0 ¢/oz</div></div><span class="w_Bd" style="-webkit-line-clamp:3;padding-bottom:0em;margin-bottom:-0em"><span class="f6 f5-l normal dark-gray mb0 mt1 lh-title">Great Value Thin Crust Four Cheese Pizza, 15.55 Oz (Frozen)</span></span><div class="mv2 flex items-center"><div class="f7 mr1 blue b lh-copy">Save with</div><img loading="lazy" class="pr2 flex" src="//i5.walmartimages.com/dfw/63fd9f59-ac39/29c6759d-7f14-49fa-bd3a-b870eb4fb8fb/v1/wplus-icon-blue.svg" alt="Walmart Plus" height="20" width="20"/></div><div class="mt2 mb2"><span class="w_A w_C w_B mr1 mt1 ph1">Pickup</span><span class="w_A w_C w_B mr1 mt1 ph1">Delivery</span></div></div></div></div></div></div><div class="mb1 ph1 pa0-xl bb b--near-white w-25"><div class="h-100 pb1-xl pr4-xl pv1 ph1" style="content-visibility:auto;contain-intrinsic-size:198px 340px"><div data-item-id="3B4Q9BEZHJ0J" class="sans-serif mid-gray relative flex flex-column w-100 "><a link-identifier="10293050" class="absolute w-100 h-100 z-1" href="/ip/DIGIORNO-Pepperoni-Frozen-Pizza-on-an-Original-Thin-Crust-22-1-oz/10293050"><span class="w_DY">DIGIORNO Pepperoni Frozen Pizza on an Original Thin Crust 22.1 oz.<!-- --> </span></a><div class="" data-testid="list-view"><div class=""><div class="h2 relative mb2"></div><div class="relative"><div class="relative overflow-hidden" style="max-width:290px;height:0;padding-bottom:min(290px, 100%);align-self:center;width:min(290px, 100%)"><img loading="lazy" srcset="https://i5.walmartimages.com/asr/75c1b559-12e4-4295-97a8-28a786b12c5c.4e089085de9918c50d0bb2c5a9d1d3d4.jpeg?odnHeight=290&amp;odnWidth=290&amp;odnBg=FFFFFF 1x, https://i5.walmartimages.com/asr/75c1b559-12e4-4295-97a8-28a786b12c5c.4e089085de9918c50d0bb2c5a9d1d3d4.jpeg?odnHeight=580&amp;odnWidth=580&amp;odnBg=FFFFFF 2x" width="" height="" class="absolute top-0 left-0" data-testid="productTileImage" alt="" src="https://i5.walmartimages.com/asr/75c1b559-12e4-4295-97a8-28a786b12c5c.4e089085de9918c50d0bb2c5a9d1d3d4.jpeg?odnHeight=580&amp;odnWidth=580&amp;odnBg=FFFFFF"/></div><div class="absolute z-2 bottom--1"><button class="w_AH w_AJ w_AO pointer bn bg-blue hover-bg-dark-blue white sans-serif b w-auto ph2 flex items-center justify-center shadow-1" type="button" aria-label="Add to cart - DIGIORNO Pepperoni Frozen Pizza on an Original Thin Crust 22.1 oz."><i class="ld ld-Plus" style="font-size:1.5rem;vertical-align:-0.25em" title="add to cart"></i><span class="mr2">Add</span></button></div></div><div class="mt5 mb1" style="height:24px" data-testid="variant-3B4Q9BEZHJ0J"></div></div><div class=""><div class="flex flex-wrap justify-start items-center lh-title mb2 mb1-m"><div class="b black f5 mr1 mr2-xl lh-copy f4-l" aria-hidden="true">$5.27</div><span class="w_DY">current price $5.27</span><div class="f7 f6-l gray mr1">23.8 ¢/oz</div></div><span class="w_Bd" style="-webkit-line-clamp:3;padding-bottom:0em;margin-bottom:-0em"><span class="f6 f5-l normal dark-gray mb0 mt1 lh-title">DIGIORNO Pepperoni Frozen Pizza on an Original Thin Crust 22.1 oz.</span></span><div class="mv2 flex items-center"><div class="f7 mr1 blue b lh-copy">Save with</div><img loading="lazy" class="pr2 flex" src="//i5.walmartimages.com/dfw/63fd9f59-ac39/29c6759d-7f14-49fa-bd3a-b870eb4fb8fb/v1/wplus-icon-blue.svg" alt="Walmart Plus" height="20" width="20"/></div><div class="mt2 mb2"><span class="w_A w_C w_B mr1 mt1 ph1">Pickup</span><span class="w_A w_C w_B mr1 mt1 ph1">Delivery</span></div></div></div></div></div></div><div class="mb1 ph1 pa0-xl bb b--near-white w-25"><div class="h-100 pb1-xl pr4-xl pv1 ph1" style="content-visibility:auto;contain-intrinsic-size:198px 340px"><div data-item-id="47R56U50YKND" class="sans-serif mid-gray relative flex flex-column w-100 "><a link-identifier="129338428" class="absolute w-100 h-100 z-1" href="/ip/Totino-s-Triple-Meat-Party-Pizza-Pack-Frozen-Pizza-4-Count/129338428"><span class="w_DY">Totino&#39;s Triple Meat Party Pizza Pack! Frozen Pizza, 4 Count<!-- --> </span></a><div class="" data-testid="list-view"><div class=""><div class="h2 relative mb2"></div><div class="relative"><div class="relative overflow-hidden" style="max-width:290px;height:0;padding-bottom:min(290px, 100%);align-self:center;width:min(290px, 100%)"><img loading="lazy" srcset="https://i5.walmartimages.com/asr/e1859673-12f7-4b96-893c-47fc9060f83f.152e33a24c41d49ee7b6a56d01ded3f9.png?odnHeight=290&amp;odnWidth=290&amp;odnBg=FFFFFF 1x, https://i5.walmartimages.com/asr/e1859673-12f7-4b96-893c-47fc9060f83f.152e33a24c41d49ee7b6a56d01ded3f9.png?odnHeight=580&amp;odnWidth=580&amp;odnBg=FFFFFF 2x" width="" height="" class="absolute top-0 left-0" data-testid="productTileImage" alt="" src="https://i5.walmartimages.com/asr/e1859673-12f7-4b96-893c-47fc9060f83f.152e33a24c41d49ee7b6a56d01ded3f9.png?odnHeight=580&amp;odnWidth=580&amp;odnBg=FFFFFF"/></div><div class="absolute z-2 bottom--1"><button class="w_AH w_AJ w_AO pointer bn bg-blue hover-bg-dark-blue white sans-serif b w-auto ph2 flex items-center justify-center shadow-1" type="button" aria-label="Add to cart - Totino&#39;s Triple Meat Party Pizza Pack! Frozen Pizza, 4 Count"><i class="ld ld-Plus" style="font-size:1.5rem;vertical-align:-0.25em" title="add to cart"></i><span class="mr2">Add</span></button></div></div><div class="mt5 mb1" style="height:24px" data-testid="variant-47R56U50YKND"></div></div><div class=""><div class="flex flex-wrap justify-start items-center lh-title mb2 mb1-m"><div class="b black f5 mr1 mr2-xl lh-copy f4-l" aria-hidden="true">$5.13</div><span class="w_DY">current price $5.13</span><div class="f7 f6-l gray mr1">12.2 ¢/oz</div></div><span class="w_Bd" style="-webkit-line-clamp:3;padding-bottom:0em;margin-bottom:-0em"><span class="f6 f5-l normal dark-gray mb0 mt1 lh-title">Totino&#39;s Triple Meat Party Pizza Pack! Frozen Pizza, 4 Count</span></span><div class="mv2 flex items-center"><div class="f7 mr1 blue b lh-copy">Save with</div><img loading="lazy" class="pr2 flex" src="//i5.walmartimages.com/dfw/63fd9f59-ac39/29c6759d-7f14-49fa-bd3a-b870eb4fb8fb/v1/wplus-icon-blue.svg" alt="Walmart Plus" height="20" width="20"/></div><div class="mt2 mb2"><span class="w_A w_C w_B mr1 mt1 ph1">Pickup</span><span class="w_A w_C w_B mr1 mt1 ph1">Delivery</span></div></div></div></div></div></div><div class="mb1 ph1 pa0-xl bb b--near-white w-25"><div class="h-100 pb1-xl pr4-xl pv1 ph1" style="content-visibility:auto;contain-intrinsic-size:198px 340px"><div data-item-id="6A88YP6TMRT4" class="sans-serif mid-gray relative flex flex-column w-100 "><a link-identifier="768413116" class="absolute w-100 h-100 z-1" href="/ip/Great-Value-Thin-Crust-Pepperoni-Pizza-16-35-oz/768413116"><span class="w_DY">Great Value Thin Crust Pepperoni Pizza, 16.35 oz<!-- --> </span></a><div class="" data-testid="list-view"><div class=""><div class="h2 relative mb2"></div><div class="relative"><div class="relative overflow-hidden" style="max-width:290px;height:0;padding-bottom:min(290px, 100%);align-self:center;width:min(290px, 100%)"><img loading="lazy" srcset="https://i5.walmartimages.com/asr/86509970-3a15-4de4-a3e1-1ac863af74a2_3.d9ac91a51f00b053736bf10771e062cc.jpeg?odnHeight=290&amp;odnWidth=290&amp;odnBg=FFFFFF 1x, https://i5.walmartimages.com/asr/86509970-3a15-4de4-a3e1-1ac863af74a2_3.d9ac91a51f00b053736bf10771e062cc.jpeg?odnHeight=580&amp;odnWidth=580&amp;odnBg=FFFFFF 2x" width="" height="" class="absolute top-0 left-0" data-testid="productTileImage" alt="" src="https://i5.walmartimages.com/asr/86509970-3a15-4de4-a3e1-1ac863af74a2_3.d9ac91a51f00b053736bf10771e062cc.jpeg?odnHeight=580&amp;odnWidth=580&amp;odnBg=FFFFFF"/></div><div class="absolute z-2 bottom--1"><button class="w_AH w_AJ w_AO pointer bn bg-blue hover-bg-dark-blue white sans-serif b w-auto ph2 flex items-center justify-center shadow-1" type="button" aria-label="Add to cart - Great Value Thin Crust Pepperoni Pizza, 16.35 oz"><i class="ld ld-Plus" style="font-size:1.5rem;vertical-align:-0.25em" title="add to cart"></i><span class="mr2">Add</span></button></div></div><div class="mt5 mb1" style="height:24px" data-testid="variant-6A88YP6TMRT4"></div></div><div class=""><div class="flex flex-wrap justify-start items-center lh-title mb2 mb1-m"><div class="b black f5 mr1 mr2-xl lh-copy f4-l" aria-hidden="true">$2.80</div><span class="w_DY">current price $2.80</span><div class="f7 f6-l gray mr1">17.1 ¢/oz</div></div><span class="w_Bd" style="-webkit-line-clamp:3;padding-bottom:0em;margin-bottom:-0em"><span class="f6 f5-l normal dark-gray mb0 mt1 lh-title">Great Value Thin Crust Pepperoni Pizza, 16.35 oz</span></span><div class="mv2 flex items-center"><div class="f7 mr1 blue b lh-copy">Save with</div><img loading="lazy" class="pr2 flex" src="//i5.walmartimages.com/dfw/63fd9f59-ac39/29c6759d-7f14-49fa-bd3a-b870eb4fb8fb/v1/wplus-icon-blue.svg" alt="Walmart Plus" height="20" width="20"/></div><div class="mt2 mb2"><span class="w_A w_C w_B mr1 mt1 ph1">Pickup</span><span class="w_A w_C w_B mr1 mt1 ph1">Delivery</span></div></div></div></div></div></div><div class="mb1 ph1 pa0-xl bb b--near-white w-25"><div class="h-100 pb1-xl pr4-xl pv1 ph1" style="content-visibility:auto;contain-intrinsic-size:198px 340px"><div data-item-id="6TR48ZSAK9M0" class="sans-serif mid-gray relative flex flex-column w-100 "><a link-identifier="720025815" class="absolute w-100 h-100 z-1" href="/ip/Red-Baron-Brick-Oven-Crust-Supreme-Pizza-18-64-oz/720025815"><span class="w_DY">Red Baron Brick Oven Crust Supreme Pizza, 18.64 oz<!-- --> </span></a><div class="" data-testid="list-view"><div class=""><div class="h2 relative mb2"></div><div class="relative"><div class="relative overflow-hidden" style="max-width:290px;height:0;padding-bottom:min(290px, 100%);align-self:center;width:min(290px, 100%)"><img loading="lazy" srcset="https://i5.walmartimages.com/asr/2f024fb8-fa24-4ef5-baeb-54340cd7b2a9.1743ca97211c375267d8af2011abe69b.jpeg?odnHeight=290&amp;odnWidth=290&amp;odnBg=FFFFFF 1x, https://i5.walmartimages.com/asr/2f024fb8-fa24-4ef5-baeb-54340cd7b2a9.1743ca97211c375267d8af2011abe69b.jpeg?odnHeight=580&amp;odnWidth=580&amp;odnBg=FFFFFF 2x" width="" height="" class="absolute top-0 left-0" data-testid="productTileImage" alt="" src="https://i5.walmartimages.com/asr/2f024fb8-fa24-4ef5-baeb-54340cd7b2a9.1743ca97211c375267d8af2011abe69b.jpeg?odnHeight=580&amp;odnWidth=580&amp;odnBg=FFFFFF"/></div><div class="absolute z-2 bottom--1"><button class="w_AH w_AJ w_AO pointer bn bg-blue hover-bg-dark-blue white sans-serif b w-auto ph2 flex items-center justify-center shadow-1" type="button" aria-label="Add to cart - Red Baron Brick Oven Crust Supreme Pizza, 18.64 oz"><i class="ld ld-Plus" style="font-size:1.5rem;vertical-align:-0.25em" title="add to cart"></i><span class="mr2">Add</span></button></div></div><div class="mt5 mb1" style="height:24px" data-testid="variant-6TR48ZSAK9M0"></div></div><div class=""><div class="flex flex-wrap justify-start items-center lh-title mb2 mb1-m"><div class="b black f5 mr1 mr2-xl lh-copy f4-l" aria-hidden="true">$4.26</div><span class="w_DY">current price $4.26</span><div class="f7 f6-l gray mr1">22.9 ¢/oz</div></div><span class="w_Bd" style="-webkit-line-clamp:3;padding-bottom:0em;margin-bottom:-0em"><span class="f6 f5-l normal dark-gray mb0 mt1 lh-title">Red Baron Brick Oven Crust Supreme Pizza, 18.64 oz</span></span><div class="mv2 flex items-center"><div class="f7 mr1 blue b lh-copy">Save with</div><img loading="lazy" class="pr2 flex" src="//i5.walmartimages.com/dfw/63fd9f59-ac39/29c6759d-7f14-49fa-bd3a-b870eb4fb8fb/v1/wplus-icon-blue.svg" alt="Walmart Plus" height="20" width="20"/></div><div class="mt2 mb2"><span class="w_A w_C w_B mr1 mt1 ph1">Pickup</span><span class="w_A w_C w_B mr1 mt1 ph1">Delivery</span></div></div></div></div></div></div><div class="mb1 ph1 pa0-xl bb b--near-white w-25"><div class="h-100 pb1-xl pr4-xl pv1 ph1" style="content-visibility:auto;contain-intrinsic-size:198px 340px"><div data-item-id="7ECF7MW33JI9" class="sans-serif mid-gray relative flex flex-column w-100 "><a link-identifier="10898753" class="absolute w-100 h-100 z-1" href="/ip/Sam-s-Choice-Frozen-Stuffed-Crust-Seven-Cheese-Pizza-33-6-Oz/10898753"><span class="w_DY">Sam&#39;s Choice Frozen Stuffed Crust Seven Cheese Pizza, 33.6 Oz<!-- --> </span></a><div class="" data-testid="list-view"><div class=""><div class="h2 relative mb2"></div><div class="relative"><div class="relative overflow-hidden" style="max-width:290px;height:0;padding-bottom:min(290px, 100%);align-self:center;width:min(290px, 100%)"><img loading="lazy" srcset="https://i5.walmartimages.com/asr/4b12b720-75d5-412e-a223-4f1d184d82d6_3.0e00f1e486b3ec97f3dcc730d127ba6d.jpeg?odnHeight=290&amp;odnWidth=290&amp;odnBg=FFFFFF 1x, https://i5.walmartimages.com/asr/4b12b720-75d5-412e-a223-4f1d184d82d6_3.0e00f1e486b3ec97f3dcc730d127ba6d.jpeg?odnHeight=580&amp;odnWidth=580&amp;odnBg=FFFFFF 2x" width="" height="" class="absolute top-0 left-0" data-testid="productTileImage" alt="" src="https://i5.walmartimages.com/asr/4b12b720-75d5-412e-a223-4f1d184d82d6_3.0e00f1e486b3ec97f3dcc730d127ba6d.jpeg?odnHeight=580&amp;odnWidth=580&amp;odnBg=FFFFFF"/></div><div class="absolute z-2 bottom--1"><button class="w_AH w_AJ w_AO pointer bn bg-blue hover-bg-dark-blue white sans-serif b w-auto ph2 flex items-center justify-center shadow-1" type="button" aria-label="Add to cart - Sam&#39;s Choice Frozen Stuffed Crust Seven Cheese Pizza, 33.6 Oz"><i class="ld ld-Plus" style="font-size:1.5rem;vertical-align:-0.25em" title="add to cart"></i><span class="mr2">Add</span></button></div></div><div class="mt5 mb1" style="height:24px" data-testid="variant-7ECF7MW33JI9"></div></div><div class=""><div class="flex flex-wrap justify-start items-center lh-title mb2 mb1-m"><div class="b black f5 mr1 mr2-xl lh-copy f4-l" aria-hidden="true">$5.98</div><span class="w_DY">current price $5.98</span><div class="f7 f6-l gray mr1">17.8 ¢/ea</div></div><span class="w_Bd" style="-webkit-line-clamp:3;padding-bottom:0em;margin-bottom:-0em"><span class="f6 f5-l normal dark-gray mb0 mt1 lh-title">Sam&#39;s Choice Frozen Stuffed Crust Seven Cheese Pizza, 33.6 Oz</span></span><div class="mv2 flex items-center"><div class="f7 mr1 blue b lh-copy">Save with</div><img loading="lazy" class="pr2 flex" src="//i5.walmartimages.com/dfw/63fd9f59-ac39/29c6759d-7f14-49fa-bd3a-b870eb4fb8fb/v1/wplus-icon-blue.svg" alt="Walmart Plus" height="20" width="20"/></div><div class="mt2 mb2"><span class="w_A w_C w_B mr1 mt1 ph1">Pickup</span><span class="w_A w_C w_B mr1 mt1 ph1">Delivery</span></div></div></div></div></div></div></div></section></div><div class="w_AZ pa0" id="SEARCH-MarqueeDisplayAd-marquee2-pizza-2"></div><div class="pt3"><div class="w_AZ pa0" id="SEARCH-SponsoredProductCarousel-bottom-pizza-2"></div></div></div></div></div></div></main></div></div><span><footer class="bg-washed-blue pt5 lh-copy relative z-0"><div class="mb5 pv1 tc"><p class="f5 mt0">We’d love to hear what you think!</p><button class="w_AH w_AK w_AO" type="button">Give feedback</button></div><div class="bg-dark-blue pv4"><ul class="center flex flex-wrap justify-center list ma0 ph4 pb4 pt3" style="max-width:1280px"><li><a link-identifier="Privacy &amp; Security" href="https://corporate.walmart.com/privacy-security" class="no-underline pointer f6 white mr4" aria-label="Privacy &amp; Security - opens in a new window" target="_blank" rel="noopener noreferrer">Privacy &amp; Security</a></li><li><a link-identifier="CA Privacy Rights" href="https://corporate.walmart.com/privacy-security/california-privacy-rights" class="no-underline pointer f6 white mr4" aria-label="CA Privacy Rights - opens in a new window" target="_blank" rel="noopener noreferrer">CA Privacy Rights</a></li><li><a link-identifier="Do Not Sell My Personal Information" href="https://www.walmart.com/account/api/ccpa-intake?native=false&amp;app=gm&amp;type=sod" class="no-underline pointer f6 white mr4" aria-label="Do Not Sell My Personal Information - opens in a new window" target="_blank" rel="noopener noreferrer">Do Not Sell My Personal Information</a></li><li><a link-identifier="Request My Personal Information" href="https://www.walmart.com/account/api/ccpa-intake?native=false&amp;app=gm&amp;type=access" class="no-underline pointer f6 white mr4" aria-label="Request My Personal Information - opens in a new window" target="_blank" rel="noopener noreferrer">Request My Personal Information</a></li><li><a link-identifier="Help" class="no-underline pointer f6 white mr4" href="/help">Help</a></li><li><a link-identifier="Terms of Use" class="no-underline pointer f6 white mr4" href="/help/article/walmart-com-terms-of-use/3b75080af40340d6bbd596f116fae5a0">Terms of Use</a></li><li><a link-identifier="All Departments" class="no-underline pointer f6 white mr4" href="/all-departments">All Departments</a></li><li><a link-identifier="Store Directory" class="no-underline pointer f6 white" href="/store/directory">Store Directory</a></li></ul><div class="pt2 f7 lh-title tc white">© 2021 Walmart. All Rights Reserved.</div></div></footer></span></div></div></div><div aria-live="assertive"></div></div><script id="__NEXT_DATA__" type="application/json" nonce="iP5_-qTf08k71pht">{"props":{"pageProps":{"initialData":{"moduleDataByZone":{"pillsTopZone":{"name":"0825 Guided Nav Pills","version":1,"type":"PillsModule","moduleId":"d80c120b-3158-42ac-9525-9b22e6c4fbac","schedule":{"priority":1},"matchedTrigger":{"zone":"pillsTopZone"},"configs":{"__typename":"TempoWM_GLASSWWWPillsModuleConfigs","moduleSource":"guidedNav","pillsV2":[{"title":"crust","url":"cat_id=0\u0026guided_nav=true\u0026query=pizza%20crust\u0026src_query=pizza\u0026s_type=ref\u0026pos=0\u0026q=pizza%20crust","image":null,"baseSeoURL":null},{"title":"digiorno","url":"cat_id=0\u0026guided_nav=true\u0026query=digiorno%20pizza\u0026src_query=pizza\u0026s_type=ref\u0026pos=1\u0026q=digiorno%20pizza","image":null,"baseSeoURL":null},{"title":"marketside","url":"cat_id=0\u0026guided_nav=true\u0026query=marketside%20pizza\u0026src_query=pizza\u0026s_type=ref\u0026pos=2\u0026q=marketside%20pizza","image":null,"baseSeoURL":null},{"title":"red baron","url":"cat_id=0\u0026guided_nav=true\u0026query=red%20baron%20pizza\u0026src_query=pizza\u0026s_type=ref\u0026pos=3\u0026q=red%20baron%20pizza","image":null,"baseSeoURL":null},{"title":"rolls","url":"cat_id=0\u0026guided_nav=true\u0026query=pizza%20rolls\u0026src_query=pizza\u0026s_type=ref\u0026pos=4\u0026q=pizza%20rolls","image":null,"baseSeoURL":null},{"title":"tombstone","url":"cat_id=0\u0026guided_nav=true\u0026query=tombstone%20pizza\u0026src_query=pizza\u0026s_type=ref\u0026pos=5\u0026q=tombstone%20pizza","image":null,"baseSeoURL":null},{"title":"thin crust","url":"cat_id=0\u0026guided_nav=true\u0026query=thin%20crust%20pizza\u0026src_query=pizza\u0026s_type=ref\u0026pos=6\u0026q=thin%20crust%20pizza","image":null,"baseSeoURL":null},{"title":"stuff crust","url":"cat_id=0\u0026guided_nav=true\u0026query=stuffed%20crust%20pizza\u0026src_query=pizza\u0026s_type=ref\u0026pos=7\u0026q=stuffed%20crust%20pizza","image":null,"baseSeoURL":null},{"title":"cheese","url":"cat_id=0\u0026guided_nav=true\u0026query=cheese%20pizza\u0026src_query=pizza\u0026s_type=ref\u0026pos=8\u0026q=cheese%20pizza","image":null,"baseSeoURL":null},{"title":"cauliflower","url":"cat_id=0\u0026guided_nav=true\u0026query=cauliflower%20pizza\u0026src_query=pizza\u0026s_type=ref\u0026pos=9\u0026q=cauliflower%20pizza","image":null,"baseSeoURL":null}]}},"topZone3":{"name":"Default Sort \u0026 Filter","version":3,"type":"SearchSortFilterModule","moduleId":"8d6b5e69-db36-453a-bd8a-fcf0de045072","schedule":{"priority":1},"matchedTrigger":{"zone":"topZone3"},"configs":{"__typename":"_TempoWM_GLASSWWWSearchSortFilterModuleConfigs","facetsV1":[{"name":"Sort","type":"sort","layout":"default","min":null,"max":null,"selectedMin":null,"selectedMax":null,"unboundedMax":null,"stepSize":null,"values":[{"id":"best_seller","name":"Best Seller","description":null,"type":null,"itemCount":null,"isSelected":false,"baseSeoURL":null},{"id":"best_match","name":"Best Match","description":null,"type":null,"itemCount":null,"isSelected":true,"baseSeoURL":null},{"id":"price_low","name":"Price: low to high","description":null,"type":null,"itemCount":null,"isSelected":false,"baseSeoURL":null},{"id":"price_high","name":"Price: high to low","description":null,"type":null,"itemCount":null,"isSelected":false,"baseSeoURL":null}]},{"name":"In-store","type":"fulfillment_method_in_store","layout":"pill","min":null,"max":null,"selectedMin":null,"selectedMax":null,"unboundedMax":null,"stepSize":null,"values":null},{"name":"Fulfillment Method","type":"fulfillment_method","layout":"pill","min":null,"max":null,"selectedMin":null,"selectedMax":null,"unboundedMax":null,"stepSize":null,"values":[{"id":null,"name":"Pickup","description":"We'll bring it to you curbside or come inside to pick it up.","type":null,"itemCount":0,"isSelected":null,"baseSeoURL":null},{"id":null,"name":"Delivery","description":"Get your order brought to you from a store. Free with W+.","type":null,"itemCount":0,"isSelected":null,"baseSeoURL":null},{"id":null,"name":"Shipping","description":"Get your order shipped fast via FedEx or UPS.","type":null,"itemCount":0,"isSelected":null,"baseSeoURL":null}]},{"name":"Price","type":"price","layout":"pill","min":0,"max":35,"selectedMin":null,"selectedMax":null,"unboundedMax":true,"stepSize":1,"values":null},{"name":"Brand","type":"brand","layout":"pill","min":null,"max":null,"selectedMin":null,"selectedMax":null,"unboundedMax":null,"stepSize":null,"values":[{"id":null,"name":"Great Value","description":null,"type":null,"itemCount":10,"isSelected":null,"baseSeoURL":null},{"id":null,"name":"DiGiorno","description":null,"type":null,"itemCount":26,"isSelected":null,"baseSeoURL":null},{"id":null,"name":"Red Baron","description":null,"type":null,"itemCount":24,"isSelected":null,"baseSeoURL":null},{"id":null,"name":"Totino's","description":null,"type":null,"itemCount":13,"isSelected":null,"baseSeoURL":null},{"id":null,"name":"Marketside","description":null,"type":null,"itemCount":18,"isSelected":null,"baseSeoURL":null},{"id":null,"name":"Jack's","description":null,"type":null,"itemCount":1,"isSelected":null,"baseSeoURL":null},{"id":null,"name":"Sam's Choice","description":null,"type":null,"itemCount":10,"isSelected":null,"baseSeoURL":null},{"id":null,"name":"TOMBSTONE","description":null,"type":null,"itemCount":1,"isSelected":null,"baseSeoURL":null},{"id":null,"name":"California Pizza Kitchen","description":null,"type":null,"itemCount":4,"isSelected":null,"baseSeoURL":null},{"id":null,"name":"TONY'S Pizza","description":null,"type":null,"itemCount":3,"isSelected":null,"baseSeoURL":null},{"id":null,"name":"FRESCHETTA","description":null,"type":null,"itemCount":6,"isSelected":null,"baseSeoURL":null},{"id":null,"name":"Stouffer's","description":null,"type":null,"itemCount":1,"isSelected":null,"baseSeoURL":null},{"id":null,"name":"Lunchables","description":null,"type":null,"itemCount":2,"isSelected":null,"baseSeoURL":null},{"id":null,"name":"Home Run Inn","description":null,"type":null,"itemCount":1,"isSelected":null,"baseSeoURL":null},{"id":null,"name":"CAULIPOWER","description":null,"type":null,"itemCount":5,"isSelected":null,"baseSeoURL":null},{"id":null,"name":"Screamin' Sicilian","description":null,"type":null,"itemCount":2,"isSelected":null,"baseSeoURL":null},{"id":null,"name":"Chef Boyardee","description":null,"type":null,"itemCount":1,"isSelected":null,"baseSeoURL":null},{"id":null,"name":"Lean Cuisine","description":null,"type":null,"itemCount":3,"isSelected":null,"baseSeoURL":null},{"id":null,"name":"El Monterey","description":null,"type":null,"itemCount":1,"isSelected":null,"baseSeoURL":null},{"id":null,"name":"BREW PUB","description":null,"type":null,"itemCount":1,"isSelected":null,"baseSeoURL":null},{"id":null,"name":"Motor City Pizza","description":null,"type":null,"itemCount":2,"isSelected":null,"baseSeoURL":null},{"id":null,"name":"Amy's Kitchen","description":null,"type":null,"itemCount":1,"isSelected":null,"baseSeoURL":null},{"id":null,"name":"Wild Mike's","description":null,"type":null,"itemCount":1,"isSelected":null,"baseSeoURL":null},{"id":null,"name":"Celeste","description":null,"type":null,"itemCount":1,"isSelected":null,"baseSeoURL":null}]},{"name":"Departments","type":"cat_id","layout":"default","min":null,"max":null,"selectedMin":null,"selectedMax":null,"unboundedMax":null,"stepSize":null,"values":[{"id":"976759","name":"Food","description":null,"type":"cat_id","itemCount":157,"isSelected":null,"baseSeoURL":"/browse/food/976759"}]},{"name":"Fulfillment Speed","type":"fulfillment_speed","layout":"pill","min":null,"max":null,"selectedMin":null,"selectedMax":null,"unboundedMax":null,"stepSize":null,"values":[{"id":null,"name":"Today","description":null,"type":null,"itemCount":0,"isSelected":null,"baseSeoURL":null},{"id":null,"name":"Tomorrow","description":null,"type":null,"itemCount":0,"isSelected":null,"baseSeoURL":null},{"id":null,"name":"2 days","description":null,"type":null,"itemCount":0,"isSelected":null,"baseSeoURL":null},{"id":null,"name":"Anytime","description":null,"type":null,"itemCount":0,"isSelected":null,"baseSeoURL":null}]},{"name":"Size","type":"size","layout":"default","min":null,"max":null,"selectedMin":null,"selectedMax":null,"unboundedMax":null,"stepSize":null,"values":[{"id":null,"name":"10-\"","description":null,"type":null,"itemCount":8,"isSelected":null,"baseSeoURL":null}]},{"name":"Category","type":"category","layout":"default","min":null,"max":null,"selectedMin":null,"selectedMax":null,"unboundedMax":null,"stepSize":null,"values":[{"id":null,"name":"Frozen Pizzas","description":null,"type":null,"itemCount":33,"isSelected":null,"baseSeoURL":null},{"id":null,"name":"Pizzas","description":null,"type":null,"itemCount":1,"isSelected":null,"baseSeoURL":null},{"id":null,"name":"Prepared Foods","description":null,"type":null,"itemCount":1,"isSelected":null,"baseSeoURL":null},{"id":null,"name":"Exotic Meats","description":null,"type":null,"itemCount":1,"isSelected":null,"baseSeoURL":null},{"id":null,"name":"Frozen Meals \u0026 Entrees","description":null,"type":null,"itemCount":1,"isSelected":null,"baseSeoURL":null}]},{"name":"Customer Rating","type":"customer_rating","layout":"default","min":null,"max":null,"selectedMin":null,"selectedMax":null,"unboundedMax":null,"stepSize":null,"values":[{"id":null,"name":"4 - 5 Stars","description":null,"type":null,"itemCount":0,"isSelected":null,"baseSeoURL":null},{"id":null,"name":"3 - 3.9 Stars","description":null,"type":null,"itemCount":0,"isSelected":null,"baseSeoURL":null},{"id":null,"name":"2 - 2.9 Stars","description":null,"type":null,"itemCount":0,"isSelected":null,"baseSeoURL":null},{"id":null,"name":"1 - 1.9 Stars","description":null,"type":null,"itemCount":0,"isSelected":null,"baseSeoURL":null}]},{"name":"Flavor","type":"flavor","layout":"default","min":null,"max":null,"selectedMin":null,"selectedMax":null,"unboundedMax":null,"stepSize":null,"values":[{"id":null,"name":"Cheese","description":null,"type":null,"itemCount":16,"isSelected":null,"baseSeoURL":null},{"id":null,"name":"Original","description":null,"type":null,"itemCount":1,"isSelected":null,"baseSeoURL":null}]},{"name":"Special Offers","type":"special_offers","layout":"default","min":null,"max":null,"selectedMin":null,"selectedMax":null,"unboundedMax":null,"stepSize":null,"values":[{"id":null,"name":"Clearance","description":null,"type":null,"itemCount":4,"isSelected":null,"baseSeoURL":null}]},{"name":"Special Diet Needs","type":"dietary_need","layout":"default","min":null,"max":null,"selectedMin":null,"selectedMax":null,"unboundedMax":null,"stepSize":null,"values":[{"id":null,"name":"Cholesterol-Free","description":null,"type":null,"itemCount":1,"isSelected":null,"baseSeoURL":null},{"id":null,"name":"Dairy-Free","description":null,"type":null,"itemCount":1,"isSelected":null,"baseSeoURL":null},{"id":null,"name":"GMO-Free","description":null,"type":null,"itemCount":1,"isSelected":null,"baseSeoURL":null},{"id":null,"name":"Gluten-Free","description":null,"type":null,"itemCount":8,"isSelected":null,"baseSeoURL":null},{"id":null,"name":"High Protein","description":null,"type":null,"itemCount":2,"isSelected":null,"baseSeoURL":null},{"id":null,"name":"Kosher","description":null,"type":null,"itemCount":2,"isSelected":null,"baseSeoURL":null},{"id":null,"name":"Organic","description":null,"type":null,"itemCount":2,"isSelected":null,"baseSeoURL":null},{"id":null,"name":"Soy-Free","description":null,"type":null,"itemCount":1,"isSelected":null,"baseSeoURL":null},{"id":null,"name":"Trans Fat-Free","description":null,"type":null,"itemCount":2,"isSelected":null,"baseSeoURL":null},{"id":null,"name":"Vegan","description":null,"type":null,"itemCount":6,"isSelected":null,"baseSeoURL":null},{"id":null,"name":"Wheat-Free","description":null,"type":null,"itemCount":3,"isSelected":null,"baseSeoURL":null},{"id":null,"name":"Whole Grain","description":null,"type":null,"itemCount":2,"isSelected":null,"baseSeoURL":null}]},{"name":"Nutritional Content","type":"nutrient_content_claims","layout":"default","min":null,"max":null,"selectedMin":null,"selectedMax":null,"unboundedMax":null,"stepSize":null,"values":[{"id":null,"name":"Cholesterol-Free","description":null,"type":null,"itemCount":1,"isSelected":null,"baseSeoURL":null},{"id":null,"name":"Dairy-Free","description":null,"type":null,"itemCount":1,"isSelected":null,"baseSeoURL":null},{"id":null,"name":"GMO-Free","description":null,"type":null,"itemCount":1,"isSelected":null,"baseSeoURL":null},{"id":null,"name":"Gluten-Free","description":null,"type":null,"itemCount":8,"isSelected":null,"baseSeoURL":null},{"id":null,"name":"High Protein","description":null,"type":null,"itemCount":2,"isSelected":null,"baseSeoURL":null},{"id":null,"name":"Kosher","description":null,"type":null,"itemCount":2,"isSelected":null,"baseSeoURL":null},{"id":null,"name":"ORGANIC","description":null,"type":null,"itemCount":2,"isSelected":null,"baseSeoURL":null},{"id":null,"name":"Organic","description":null,"type":null,"itemCount":2,"isSelected":null,"baseSeoURL":null},{"id":null,"name":"Soy-Free","description":null,"type":null,"itemCount":1,"isSelected":null,"baseSeoURL":null},{"id":null,"name":"Trans Fat-Free","description":null,"type":null,"itemCount":2,"isSelected":null,"baseSeoURL":null},{"id":null,"name":"Vegan","description":null,"type":null,"itemCount":6,"isSelected":null,"baseSeoURL":null},{"id":null,"name":"Wheat-Free","description":null,"type":null,"itemCount":3,"isSelected":null,"baseSeoURL":null},{"id":null,"name":"Whole Grain","description":null,"type":null,"itemCount":2,"isSelected":null,"baseSeoURL":null}]},{"name":"Retailer","type":"retailer_type","layout":"default","min":null,"max":null,"selectedMin":null,"selectedMax":null,"unboundedMax":null,"stepSize":null,"values":[{"id":null,"name":"Walmart","description":null,"type":null,"itemCount":171,"isSelected":null,"baseSeoURL":null},{"id":null,"name":"Pro Sellers","description":null,"type":null,"itemCount":1,"isSelected":null,"baseSeoURL":null}]},{"name":"Benefit Cards","type":"snap_eligible","layout":"default","min":null,"max":null,"selectedMin":null,"selectedMax":null,"unboundedMax":null,"stepSize":null,"values":[{"id":null,"name":"EBT food eligible","description":null,"type":null,"itemCount":171,"isSelected":null,"baseSeoURL":null}]}]}},"bottomZone1":{"name":"Marquee Display Ad BTF","version":3,"type":"MarqueeDisplayAd","moduleId":"986350d5-0bd6-4feb-916f-b7081f246aeb","schedule":{"priority":1},"matchedTrigger":{"zone":"bottomZone1"},"configs":{"__typename":"TempoWM_GLASSWWWMarqueeDisplayAdConfigs","_rawConfigs":{"moduleLocation":"marquee2","lazy":"1000"},"ad":null}},"topZone2":{"name":"Search Brand Amplifier Ad","version":2,"type":"BrandAmplifierAd","moduleId":"ce73cb9e-2029-4083-80c4-d6aced706cf0","schedule":{"priority":1},"matchedTrigger":{"zone":"topZone2"},"configs":{"__typename":"TempoWM_GLASSWWWBrandAmplifierAdConfigs","_rawConfigs":{"moduleLocation":"top"},"moduleLocation":"top","ad":{"status":"SUCCESS","moduleType":"BrandAmplifierAd","platform":"DESKTOP","pageId":"pizza","pageType":"SEARCH","storeId":"999","stateCode":"TX","zipCode":"78242","pageContext":{"searchNormalize":{"normalized_query":"pizza","original_query":"pizza","rewritten_query":"pizza","specificity":"broad","top_query_cat_path":"/976759/976791/5774679/3790397","top_query_cat_path_name":"/Food/Frozen Foods/Frozen Pizza, Pasta, \u0026 Breads/Frozen Meat Pizzas","analytics_log":{"fe_log":{"tq":1,"dept":"/976759/976791/5774679/3790397","g":"S","s":"b","trf":"ht"}}}},"moduleConfigs":{"moduleLocation":"top"},"adsContext":{"locationContext":{"zipCode":"78242","stateCode":"TX","storeId":"999","pickupStore":null,"deliveryStore":null,"intent":null,"incatchment":true},"itemId":"","categoryId":"976759_976791_5774679_3790397","categoryName":"Food/Frozen Foods/Frozen Pizza, Pasta, \u0026 Breads/Frozen Meat Pizzas","brand":"","productName":"","productTypeId":"","normKeyword":"pizza","verticalId":"","dedupeList":[""]},"adRequestComposite":{"isDebug":false,"isManualShelf":false,"keyword":"pizza"},"adContent":{"type":"SPONSORED_PRODUCTS","data":{"__typename":"SponsoredBrands","adUuid":"34f346a1-c09f-46d3-a7c0-5b0065752b6a","adExpInfo":null,"moduleInfo":"{\"adExpId\":\"\",\"bucketId\":\"2243\"}","brands":[]}}}}},"topZone5":{"name":"Search Fitment Module","version":2,"type":"SearchFitment","moduleId":"4e756e28-80b7-499d-aae4-b46bbc21b554","schedule":{"priority":1},"matchedTrigger":{"zone":"topZone5"},"configs":{"__typename":"TempoWM_GLASSWWWSearchFitmentModuleConfigs","fitments":null}},"topZone6":{"name":"Search Non Item Module","version":1,"type":"SearchNonItem","moduleId":"8a6208c9-6ee9-4d9e-96a3-3b2cad2d690e","schedule":{"priority":1},"matchedTrigger":{"zone":"topZone6"},"configs":{"title":null,"subTitle":null,"urlLinkText":null,"url":null,"__typename":"TempoWM_GLASSWWWSearchNonItemConfigs"}},"topZone1":{"name":"Skyline Display Ad","version":2,"type":"SkylineDisplayAd","moduleId":"d82a07bd-471a-46ef-9926-63ae0bd7dbc2","schedule":{"priority":1},"matchedTrigger":{"zone":"topZone1"},"configs":{"__typename":"TempoWM_GLASSWWWSkylineDisplayAdConfigs","_rawConfigs":{"moduleLocation":"top"},"ad":{"status":"SUCCESS","moduleType":"SkylineDisplayAd","platform":"DESKTOP","pageId":"pizza","pageType":"SEARCH","storeId":"999","stateCode":"TX","zipCode":"78242","pageContext":{"searchNormalize":{"normalized_query":"pizza","original_query":"pizza","rewritten_query":"pizza","specificity":"broad","top_query_cat_path":"/976759/976791/5774679/3790397","top_query_cat_path_name":"/Food/Frozen Foods/Frozen Pizza, Pasta, \u0026 Breads/Frozen Meat Pizzas","analytics_log":{"fe_log":{"tq":1,"dept":"/976759/976791/5774679/3790397","g":"S","s":"b","trf":"ht"}}}},"moduleConfigs":{"moduleLocation":"top"},"adsContext":{"locationContext":{"zipCode":"78242","stateCode":"TX","storeId":"999","pickupStore":null,"deliveryStore":null,"intent":null,"incatchment":true},"itemId":"","categoryId":"976759_976791_5774679_3790397","categoryName":"Food/Frozen Foods/Frozen Pizza, Pasta, \u0026 Breads/Frozen Meat Pizzas","brand":"","productName":"","productTypeId":"","normKeyword":"pizza","verticalId":"","dedupeList":[""]},"adRequestComposite":{"isDebug":false,"isManualShelf":false,"keyword":"pizza"},"adContent":{"type":"DISPLAY_AD","data":{"__typename":"DisplayAd","json":{"uuId":"0ce1ff54-4078-4a0a-a48c-e032a1b413d4","viewIVT3PURL2":"","impTracker3PURL2":"","cta":"Shop now","logoAltText":"Freschetta","viewIVT3PVendor2":"","mainImage":"","imageAltText":"Crunchy toppings \u0026 melty mozzarella from Freschetta.","headline":"Crusts worth craving","viewIVT3PURL1":"","advertiserID":"5002622133","viewIVT3PVendor1":"","subhead":"Tasty \u0026 crunchy toppings.","impTracker3PURL3":"","logoImage":"https://tpc.googlesyndication.com/simgad/14380756469758192135?","orderID":"2890323063","impTracker3PURL1":"","adUnitID":"22268430597","IMPRESSION_URLS":["https://securepubads.g.doubleclick.net/pcs/view?xai=AKAOjsu2SeohpG4U-4qo2K9WC84OSazI2sYmZ9Y5Fyv66DjLbXb3Ao95OdTZD3savTWGDc0Ca_eNmiDZFXBunH-_uau0rJz42GBCcLmHoG3JnBoT82zP567PIyRVPZKrc3A25Wmh54Jvly4s0kaUoAOz1I9LfKVAgiIoDPlw9uNoNisD88ANa7rktLMIqC71aY6PHmKg925ptsLA2peJaodukZMH__f0HLZwQSh8FB2Apu84C8hMjPlPE6IUrOq_Xi5GLdHSZYhmldrOc5lJe2VQS7WkrN4l8n0wRIWrG3DuizLOTjUWKTPIMI4Rsc5ylAwETyqZD4Iz8amGqbUwnALIs_9iamSk5EDrnQGLaMV7LwFIUZea4DY\u0026sai=AMfl-YTvVBQfF3USF5YEn7JBQtVkX1mNvIgGiGrK_Fl9OKshR-FxnUgEkwNpOXiG9nZZSiI3-Wpsdt4CuuBSWQS8BKXssju_XFKEV5zQ-yuQDfZY-fQVuEM\u0026sig=Cg0ArKJSzL-rxNRhFH81EAE\u0026urlfix=1\u0026adurl="],"DEST_URL":"https://adclick.g.doubleclick.net/pcs/click?xai=AKAOjssZ46afeZjs1CDC_dYLq-OIgaTmZ2zbhipkSIrJ8x63iJWP9riNXnpucIOjxw34bYG8PfCFHCX52vLgjzadRT6LWXPrE2TyhRrCwpJSR5F8b2lKT9IwZFPBVWnUuGfbvR0cHQqLC9l0sHUjPnAIH-TwA6not1V09mbFLOwRLGd90mU0qrBRxNVBl_jUGK4R647PLW7MoZ12igilAOU4bqfMMXHJLdOTNuypHT2FDZM-2Fjt49cKR__89uCx9PAH0-l1bGmEx853DLQojD4RWP1EfcCRGR2EqeU5RrTdViYXld4ERzupNbBUYu-GQ8ud54c3uxD2Va8_9Hyad4ylzR6SwmEJEdkY_YQybuMm\u0026sai=AMfl-YRvnUGgApu4TSOkx5xe-D5cdWLPpY9p5D-Y2v55Ihi1LpziFpM1O8U-iVjRslgxaF8O7mcv88uMd-SFF_SgihBUbgphMy-EFZJGGRGi\u0026sig=Cg0ArKJSzFM60bGopdZMEAE\u0026fbs_aeid=[gw_fbsaeid]\u0026urlfix=1\u0026adurl=https://www.walmart.com/browse/freschetta-pizza/0/0/%3F_refineresult%3Dtrue%26_be_shelf_id%3D5381166%26search_sort%3D100%26facet%3Dshelf_id:5381166","metaData":{"custom_template_id":"12009286","cacheBuster":1634172888173,"dfpParams":{"correlator":"751051091028","native_custom_templates":"12009286,11759350,12050531,11759350","userAgent":"Mozilla/5.0 (Windows NT 10.0; Win64; x64) AppleWebKit/537.36 (KHTML, like Gecko) Chrome/94.0.4606.81 Safari/537.36","clientIp":"24.242.57.82","dfpTag":"/55875582/WMUS/search/food/frozenfoods/frozenpizzapastabreads/frozenmeatpizzas","targeting":{"env":"prod","ivt":"","correlator":"KimfPr7oOd0ZDY4qCWSpfyXv2Xw6yBbYa9kz","ptype":"search","login":"no","s2s":"true","framework":"glass","wmppid":"d1fd2bb3fb46e62d22d25f683bfb3e8e3d49b849c4810fb2754d381a47371d59","usrTax":"976759_976791_5774679_3790397","categoryId":"3790397","catPathName":"Food/Frozen Foods/Frozen Pizza, Pasta, \u0026 Breads/Frozen Meat Pizzas","xpa":"CrlKe,LVOQy,OcF91,Si9iN,_51B3,hmexM,iYZS1,mFXBT,rPe7R,vE-E8,wTIF0","vtc":"YgorzntHIaanZRL5u-_vtw","vtcBucket":"1","bstc":"VAje3-HmI_C7Ff_oFXjKos","ivtTorbot":"zinc=???SBC?????E???JADHI@AF????; asn=11427; country=US; usertype=residential;","ivtScore":"1-5","location":"skyline1","tile":"1","search":"pizza","sessId":"0ce1ff54-4078-4a0a-a48c-e032a1b413d4-skyline1"}},"dfpResponse":{"googleLineitemId":"5758830613","googleCreativeId":"138360304289"},"isInternal":false,"beaconDebug":{"ip":"24.242.57.82","forwardedIP":"24.242.57.82","cacheBuster":1634172888173}}},"status":"SUCCESS"}}}}},"bottomZone2":{"name":"Sponsored Product Carousel - rweb","version":2,"type":"SponsoredProductCarousel","moduleId":"304f501d-075d-4a59-89aa-6e23bf0fdb64","schedule":{"priority":1},"matchedTrigger":{"zone":"bottomZone2"},"configs":{"__typename":"TempoWM_GLASSWWWSponsoredProductCarouselConfigs","_rawConfigs":{"title":"Products you may also like","moduleLocation":"bottom","lazy":"1000"}}}},"layoutContainerData":{"type":"container","flow":"vertical","content":[{"type":"container","flow":"vertical","content":{"type":"slot","id":"top","mapping":[{"type":"ZONE","options":{"refId":"topZone1"}},{"type":"ZONE","options":{"refId":"topZone2"}},{"type":"ZONE","options":{"refId":"topZone3"}},{"type":"ZONE","options":{"refId":"pillsTopZone"}},{"type":"ZONE","options":{"refId":"topZone4"}},{"type":"ZONE","options":{"refId":"topZone5"}},{"type":"ZONE","options":{"refId":"topZone6"}},{"type":"ZONE","options":{"refId":"topZone7"}}]}},{"type":"container","flow":"vertical","content":{"type":"slot","id":"stacks","mapping":[{"type":"EXTERNAL","options":{"refId":"stacks1","tempoLabel":"Stacks Zone","displayInTempo":true}},{"type":"ZONE","options":{"refId":"bottomZone1"}},{"type":"ZONE","options":{"refId":"bottomZone2"}},{"type":"ZONE","options":{"refId":"bottomZone3"}},{"type":"ZONE","options":{"refId":"bottomZone4"}},{"type":"ZONE","options":{"refId":"bottomZone5"}}]}}]},"searchResult":{"title":"Results for \"pizza\"","aggregatedCount":186,"breadCrumb":null,"debug":{"sisUrl":"http://search-interface.walmart.net/v1/search?query=pizza\u0026facet=\u0026stores=999\u0026cat_id=\u0026sort=best_match\u0026page=2\u0026min_price=\u0026max_price=\u0026spelling=true\u0026ptss=\u0026trsp=\u0026prg=desktop\u0026affinityOverride=store_led\u0026storeSlotBooked=\u0026stateOrProvinceCode=TX\u0026ps=40\u0026zipcode=78242\u0026recall_set=\u0026inCatchment=true\u0026latitude=29.3531\u0026longitude=-98.614\u0026extended_zipcode=78242\u0026addressId="},"itemStacks":[{"displayMessage":null,"meta":{"adsBeacon":{"adUuid":"lfiG0-HFbfUzxMedZBajwBkCu-MFJMGOQeL5","moduleInfo":"{\"adUuid\":\"lfiG0-HFbfUzxMedZBajwBkCu-MFJMGOQeL5\"}","max_ads":8},"query":"pizza","stackId":0,"stackType":"STORE_LED","title":null,"layoutEnum":"GRID","totalItemCount":null,"totalItemCountDisplay":null,"viewAllParams":null},"itemsV2":null,"title":"","totalItemCountDisplay":"","count":0,"items":[{"__typename":"Product","availabilityStatusDisplayValue":"In stock","productLocationDisplayValue":null,"externalInfoUrl":"","canonicalUrl":"/ip/DIGIORNO-Three-Meat-Frozen-Pizza-on-a-Stuffed-Crust-24-5-oz/51350824","canAddToCart":true,"showOptions":false,"description":"\u003cli\u003eDIGIORNO Three Meat Frozen Pizza on a Stuffed Crust bakes up golden brown with with 2 1/2 feet of mouthwatering, melty cheese stuffed in the crust. This DIGIORNO frozen pizza is made with 100%\u003c/li\u003e","flag":"","fulfillmentBadges":["Pickup","Delivery"],"fulfillmentIcon":{"key":"SAVE_WITH_W_PLUS","label":"Save with"},"fulfillmentBadge":"Today","fulfillmentSpeed":["TODAY"],"fulfillmentType":"STORE","id":"6VEZK1VD6DFK","usItemId":"51350824","image":"https://i5.walmartimages.com/asr/6ed6d3c6-e65b-4546-88c0-c94132a5b85f.d9add2dd11231444d94053b6d7df88f0.jpeg?odnHeight=180\u0026odnWidth=180\u0026odnBg=ffffff","isOutOfStock":false,"esrb":"","mediaRating":"","name":"DIGIORNO Three Meat Frozen Pizza on a Stuffed Crust 24.5 oz.","price":7.78,"preOrder":{"isPreOrder":false,"preOrderMessage":null,"preOrderStreetDateMessage":null},"priceInfo":{"itemPrice":"","linePrice":"$7.78","wasPrice":"","unitPrice":"31.8 ¢/oz","shipPrice":"","minPriceForVariant":"","subscriptionPrice":"","subscriptionString":"","priceDisplayCondition":"","finalCostByWeight":false,"submapType":""},"rating":{"averageRating":0,"numberOfReviews":0},"salesUnit":"EACH","variantList":[],"isVariantTypeSwatch":false,"brand":null,"manufacturerName":null,"offerId":"55C3C67CFA0B4A71A7CEBA225CD0BC8B","fitmentLabel":"","isAtfMarker":false,"sellerId":"F55CDC31AB754BB68FE0B39041159D63","sellerName":"Walmart.com","hasSellerBadge":null,"seller":{"name":"Walmart.com","sellerId":"F55CDC31AB754BB68FE0B39041159D63"},"sponsoredProduct":{"spQs":"UPzjCN4P1D4wxhvlJm_nFWyxmvB0V-ivq64eMQ_MfPTbv0NHVshmOz63rNyynj0vlihXx-6v1lj6jmU65ibmA7_oSkMRWT-IGPE3ag-yeCQ","clickBeacon":"https://wrd.walmart.com/track?tax=976759_976791_5774679_3790397\u0026pltfm=desktop\u0026pt=search\u0026mloc=sp-search-middle\u0026storeId=999\u0026adUid=lfiG0-HFbfUzxMedZBajwBkCu-MFJMGOQeL5\u0026bt=__bt__\u0026pgId=pizza\u0026pos=__pos__\u0026spQs=UPzjCN4P1D4wxhvlJm_nFWyxmvB0V-ivq64eMQ_MfPTbv0NHVshmOz63rNyynj0vlihXx-6v1lj6jmU65ibmA7_oSkMRWT-IGPE3ag-yeCQ\u0026eventST=__eventST__\u0026plmt=__plmt__\u0026rdf=0","spTags":null}},{"__typename":"Product","availabilityStatusDisplayValue":"In stock","productLocationDisplayValue":null,"externalInfoUrl":"","canonicalUrl":"/ip/DIGIORNO-Three-Meat-Frozen-Pizza-on-a-Croissant-Crust-26-4-oz/433921687","canAddToCart":true,"showOptions":false,"description":"\u003cli\u003eEnjoy the experience of delivery pizza without the hassle with DIGIORNO Three Meat Frozen Pizza on a Croissant Crust. Created with delicate layers of light, flaky, and buttery crust, this DIGIORNO\u003c/li\u003e","flag":"","fulfillmentBadges":["Pickup","Delivery"],"fulfillmentIcon":{"key":"SAVE_WITH_W_PLUS","label":"Save with"},"fulfillmentBadge":"Today","fulfillmentSpeed":["TODAY"],"fulfillmentType":"STORE","id":"4F2TS515M6JB","usItemId":"433921687","image":"https://i5.walmartimages.com/asr/008fe38d-2376-4b10-a9ed-e4f64fcd1a14.d2b0f3dfc822420815d7ff3825e7d429.jpeg?odnHeight=180\u0026odnWidth=180\u0026odnBg=ffffff","isOutOfStock":false,"esrb":"","mediaRating":"","name":"DIGIORNO Three Meat Frozen Pizza on a Croissant Crust 26.4 oz.","price":5.78,"preOrder":{"isPreOrder":false,"preOrderMessage":null,"preOrderStreetDateMessage":null},"priceInfo":{"itemPrice":"","linePrice":"$5.78","wasPrice":"","unitPrice":"21.9 ¢/oz","shipPrice":"","minPriceForVariant":"","subscriptionPrice":"","subscriptionString":"","priceDisplayCondition":"","finalCostByWeight":false,"submapType":""},"rating":{"averageRating":0,"numberOfReviews":0},"salesUnit":"EACH","variantList":[],"isVariantTypeSwatch":false,"brand":null,"manufacturerName":null,"offerId":"5BB76123B336484BBD2FDE09850B5DD9","fitmentLabel":"","isAtfMarker":false,"sellerId":"F55CDC31AB754BB68FE0B39041159D63","sellerName":"Walmart.com","hasSellerBadge":null,"seller":{"name":"Walmart.com","sellerId":"F55CDC31AB754BB68FE0B39041159D63"},"sponsoredProduct":{"spQs":"ySRsMQF6q8Ou_8mXVSLoXFRgIMRQ0ZBdTrUoZu2d8Kn-x8BQCeP8vfcFZwZYhPrXH-4a6tJsxTnTZ2NNuwpcXUTwCV_Exf0ECOxFcCZTExCWFD69o9WStg1fLUIpaNxH","clickBeacon":"https://wrd.walmart.com/track?tax=976759_976791_5774679_3790397\u0026pltfm=desktop\u0026pt=search\u0026mloc=sp-search-middle\u0026storeId=999\u0026adUid=lfiG0-HFbfUzxMedZBajwBkCu-MFJMGOQeL5\u0026bt=__bt__\u0026pgId=pizza\u0026pos=__pos__\u0026spQs=ySRsMQF6q8Ou_8mXVSLoXFRgIMRQ0ZBdTrUoZu2d8Kn-x8BQCeP8vfcFZwZYhPrXH-4a6tJsxTnTZ2NNuwpcXUTwCV_Exf0ECOxFcCZTExCWFD69o9WStg1fLUIpaNxH\u0026eventST=__eventST__\u0026plmt=__plmt__\u0026rdf=0","spTags":null}},{"__typename":"Product","availabilityStatusDisplayValue":"In stock","productLocationDisplayValue":null,"externalInfoUrl":"","canonicalUrl":"/ip/Totino-s-Hamburger-Original-Crisp-Crust-Party-Pizza-1-Frozen-Pizza/10813476","canAddToCart":true,"showOptions":false,"description":"\u003cli\u003eThe original crisp crust\u003c/li\u003e\u003cli\u003ePerfect shape for toaster oven preparation\u003c/li\u003e\u003cli\u003eFit two pizzas on a baking sheet\u003c/li\u003e","flag":"","fulfillmentBadges":["Pickup","Delivery"],"fulfillmentIcon":{"key":"SAVE_WITH_W_PLUS","label":"Save with"},"fulfillmentBadge":"Today","fulfillmentSpeed":["TODAY"],"fulfillmentType":"STORE","id":"21HS0MNFWGZ7","usItemId":"10813476","image":"https://i5.walmartimages.com/asr/49a434b2-c7e9-485e-924d-e62d03c4cc4e.f309bdbc74d4368532b50a2d29ae6762.png?odnHeight=180\u0026odnWidth=180\u0026odnBg=ffffff","isOutOfStock":false,"esrb":"","mediaRating":"","name":"Totino's Hamburger Original Crisp Crust Party Pizza, 1 Frozen Pizza","price":1.3,"preOrder":{"isPreOrder":false,"preOrderMessage":null,"preOrderStreetDateMessage":null},"priceInfo":{"itemPrice":"","linePrice":"$1.30","wasPrice":"","unitPrice":"11.9 ¢/oz","shipPrice":"","minPriceForVariant":"","subscriptionPrice":"","subscriptionString":"","priceDisplayCondition":"","finalCostByWeight":false,"submapType":""},"rating":{"averageRating":0,"numberOfReviews":0},"salesUnit":"EACH","variantList":[],"isVariantTypeSwatch":false,"brand":null,"manufacturerName":null,"offerId":"BDF6498329494F6CB8A6D0A624154201","fitmentLabel":"","isAtfMarker":false,"sellerId":"F55CDC31AB754BB68FE0B39041159D63","sellerName":"Walmart.com","hasSellerBadge":null,"seller":{"name":"Walmart.com","sellerId":"F55CDC31AB754BB68FE0B39041159D63"},"sponsoredProduct":null},{"__typename":"Product","availabilityStatusDisplayValue":"In stock","productLocationDisplayValue":null,"externalInfoUrl":"","canonicalUrl":"/ip/MorningStar-Farms-Plant-Based-Vegan-Meatless-Original-Chicken-Strips-13-5oz-54-CT-Resealable-Bag-Frozen/140886671","canAddToCart":true,"showOptions":false,"description":"\u003cli\u003eLoaded with spicy white meat chicken, buffalo style ranch sauce and mozzarella cheese\u003c/li\u003e\u003cli\u003eCrust stuffed with mozzarella, asiago and romano cheeses\u003c/li\u003e\u003cli\u003eUSDA inspected\u003c/li\u003e\u003cli\u003eNet weight 31\u003c/li\u003e","flag":"","fulfillmentBadges":["Pickup","Delivery"],"fulfillmentIcon":{"key":"SAVE_WITH_W_PLUS","label":"Save with"},"fulfillmentBadge":"Today","fulfillmentSpeed":["TODAY"],"fulfillmentType":"STORE","id":"1RBXZUI574UT","usItemId":"140886671","image":"https://i5.walmartimages.com/asr/9509be2b-6dda-415b-818b-0577a7f19e88_3.a7a6d337d54b07adafafd2cd206af6f0.jpeg?odnHeight=180\u0026odnWidth=180\u0026odnBg=ffffff","isOutOfStock":false,"esrb":"","mediaRating":"","name":"MorningStar Farms Plant Based Vegan Meatless Original Chicken Strips, 13.5oz, 54 CT Resealable Bag (Frozen)","price":5.98,"preOrder":{"isPreOrder":false,"preOrderMessage":null,"preOrderStreetDateMessage":null},"priceInfo":{"itemPrice":"","linePrice":"$5.98","wasPrice":"","unitPrice":"19.3 ¢/oz","shipPrice":"","minPriceForVariant":"","subscriptionPrice":"","subscriptionString":"","priceDisplayCondition":"","finalCostByWeight":false,"submapType":""},"rating":{"averageRating":0,"numberOfReviews":0},"salesUnit":"EACH","variantList":[],"isVariantTypeSwatch":false,"brand":null,"manufacturerName":null,"offerId":"9981B582766448469D9A349586BCDFF9","fitmentLabel":"","isAtfMarker":false,"sellerId":"F55CDC31AB754BB68FE0B39041159D63","sellerName":"Walmart.com","hasSellerBadge":null,"seller":{"name":"Walmart.com","sellerId":"F55CDC31AB754BB68FE0B39041159D63"},"sponsoredProduct":null},{"__typename":"Product","availabilityStatusDisplayValue":"In stock","productLocationDisplayValue":null,"externalInfoUrl":"","canonicalUrl":"/ip/Great-Value-Thin-Crust-Four-Cheese-Pizza-15-55-Oz-Frozen/373620893","canAddToCart":true,"showOptions":false,"description":"\u003cli\u003eThin crust\u003c/li\u003e\u003cli\u003eTopped with low-moisture whole milk mozzarella cheese, cheddar cheese, parmesan cheese and romano cheese that is made from cow's milk\u003c/li\u003e\u003cli\u003e18 grams of protein per serving\u003c/li\u003e","flag":"","fulfillmentBadges":["Pickup","Delivery"],"fulfillmentIcon":{"key":"SAVE_WITH_W_PLUS","label":"Save with"},"fulfillmentBadge":"Today","fulfillmentSpeed":["TODAY"],"fulfillmentType":"STORE","id":"3XIWSZPMD9PL","usItemId":"373620893","image":"https://i5.walmartimages.com/asr/cf1d45b5-8ce4-4118-a239-633c94a6198d_1.bd2469ad9d10e98f4829084305904999.jpeg?odnHeight=180\u0026odnWidth=180\u0026odnBg=ffffff","isOutOfStock":false,"esrb":"","mediaRating":"","name":"Great Value Thin Crust Four Cheese Pizza, 15.55 Oz (Frozen)","price":2.8,"preOrder":{"isPreOrder":false,"preOrderMessage":null,"preOrderStreetDateMessage":null},"priceInfo":{"itemPrice":"","linePrice":"$2.80","wasPrice":"","unitPrice":"18.0 ¢/oz","shipPrice":"","minPriceForVariant":"","subscriptionPrice":"","subscriptionString":"","priceDisplayCondition":"","finalCostByWeight":false,"submapType":""},"rating":{"averageRating":0,"numberOfReviews":0},"salesUnit":"EACH","variantList":[],"isVariantTypeSwatch":false,"brand":null,"manufacturerName":null,"offerId":"83BC0DA5B3874F4999C8331AD6609ED6","fitmentLabel":"","isAtfMarker":false,"sellerId":"F55CDC31AB754BB68FE0B39041159D63","sellerName":"Walmart.com","hasSellerBadge":null,"seller":{"name":"Walmart.com","sellerId":"F55CDC31AB754BB68FE0B39041159D63"},"sponsoredProduct":null},{"__typename":"Product","availabilityStatusDisplayValue":"In stock","productLocationDisplayValue":null,"externalInfoUrl":"","canonicalUrl":"/ip/DIGIORNO-Pepperoni-Frozen-Pizza-on-an-Original-Thin-Crust-22-1-oz/10293050","canAddToCart":true,"showOptions":false,"description":"\u003cli\u003eDIGIORNO Pepperoni Frozen Pizza on an Original Thin Crust is created with a thin pizza crust that offers a crispy texture with a crunch. This cook and serve frozen thin crust pizza is made with\u003c/li\u003e","flag":"","fulfillmentBadges":["Pickup","Delivery"],"fulfillmentIcon":{"key":"SAVE_WITH_W_PLUS","label":"Save with"},"fulfillmentBadge":"Today","fulfillmentSpeed":["TODAY"],"fulfillmentType":"STORE","id":"3B4Q9BEZHJ0J","usItemId":"10293050","image":"https://i5.walmartimages.com/asr/75c1b559-12e4-4295-97a8-28a786b12c5c.4e089085de9918c50d0bb2c5a9d1d3d4.jpeg?odnHeight=180\u0026odnWidth=180\u0026odnBg=ffffff","isOutOfStock":false,"esrb":"","mediaRating":"","name":"DIGIORNO Pepperoni Frozen Pizza on an Original Thin Crust 22.1 oz.","price":5.27,"preOrder":{"isPreOrder":false,"preOrderMessage":null,"preOrderStreetDateMessage":null},"priceInfo":{"itemPrice":"","linePrice":"$5.27","wasPrice":"","unitPrice":"23.8 ¢/oz","shipPrice":"","minPriceForVariant":"","subscriptionPrice":"","subscriptionString":"","priceDisplayCondition":"","finalCostByWeight":false,"submapType":""},"rating":{"averageRating":0,"numberOfReviews":0},"salesUnit":"EACH","variantList":[],"isVariantTypeSwatch":false,"brand":null,"manufacturerName":null,"offerId":"4CC072C02C0D43EE8848293817D4A728","fitmentLabel":"","isAtfMarker":false,"sellerId":"F55CDC31AB754BB68FE0B39041159D63","sellerName":"Walmart.com","hasSellerBadge":null,"seller":{"name":"Walmart.com","sellerId":"F55CDC31AB754BB68FE0B39041159D63"},"sponsoredProduct":null},{"__typename":"Product","availabilityStatusDisplayValue":"In stock","productLocationDisplayValue":null,"externalInfoUrl":"","canonicalUrl":"/ip/Totino-s-Triple-Meat-Party-Pizza-Pack-Frozen-Pizza-4-Count/129338428","canAddToCart":true,"showOptions":false,"description":"\u003cli\u003eINCLUDES: One (1) 42-ounce box of Totino's Triple Meat Party Pizza Pack! with four frozen pizzas\u003c/li\u003e\u003cli\u003eFROZEN PIZZA: Enjoy sausage, pepperoni and beef toppings on a crispy golden crust\u003c/li\u003e","flag":"","fulfillmentBadges":["Pickup","Delivery"],"fulfillmentIcon":{"key":"SAVE_WITH_W_PLUS","label":"Save with"},"fulfillmentBadge":"Today","fulfillmentSpeed":["TODAY"],"fulfillmentType":"STORE","id":"47R56U50YKND","usItemId":"129338428","image":"https://i5.walmartimages.com/asr/e1859673-12f7-4b96-893c-47fc9060f83f.152e33a24c41d49ee7b6a56d01ded3f9.png?odnHeight=180\u0026odnWidth=180\u0026odnBg=ffffff","isOutOfStock":false,"esrb":"","mediaRating":"","name":"Totino's Triple Meat Party Pizza Pack! Frozen Pizza, 4 Count","price":5.13,"preOrder":{"isPreOrder":false,"preOrderMessage":null,"preOrderStreetDateMessage":null},"priceInfo":{"itemPrice":"","linePrice":"$5.13","wasPrice":"","unitPrice":"12.2 ¢/oz","shipPrice":"","minPriceForVariant":"","subscriptionPrice":"","subscriptionString":"","priceDisplayCondition":"","finalCostByWeight":false,"submapType":""},"rating":{"averageRating":0,"numberOfReviews":0},"salesUnit":"EACH","variantList":[],"isVariantTypeSwatch":false,"brand":null,"manufacturerName":null,"offerId":"3B2F7DC7EF76486C92415A5475A893E3","fitmentLabel":"","isAtfMarker":false,"sellerId":"F55CDC31AB754BB68FE0B39041159D63","sellerName":"Walmart.com","hasSellerBadge":null,"seller":{"name":"Walmart.com","sellerId":"F55CDC31AB754BB68FE0B39041159D63"},"sponsoredProduct":null},{"__typename":"Product","availabilityStatusDisplayValue":"In stock","productLocationDisplayValue":null,"externalInfoUrl":"","canonicalUrl":"/ip/Great-Value-Thin-Crust-Pepperoni-Pizza-16-35-oz/768413116","canAddToCart":true,"showOptions":false,"description":"\u003cli\u003eFrozen pepperoni pizza\u003c/li\u003e\u003cli\u003eMade with whole milk mozzarella\u003c/li\u003e\u003cli\u003eGreat source of calcium\u003c/li\u003e\u003cli\u003e19 grams of protein per serving\u003c/li\u003e","flag":"","fulfillmentBadges":["Pickup","Delivery"],"fulfillmentIcon":{"key":"SAVE_WITH_W_PLUS","label":"Save with"},"fulfillmentBadge":"Today","fulfillmentSpeed":["TODAY"],"fulfillmentType":"STORE","id":"6A88YP6TMRT4","usItemId":"768413116","image":"https://i5.walmartimages.com/asr/86509970-3a15-4de4-a3e1-1ac863af74a2_3.d9ac91a51f00b053736bf10771e062cc.jpeg?odnHeight=180\u0026odnWidth=180\u0026odnBg=ffffff","isOutOfStock":false,"esrb":"","mediaRating":"","name":"Great Value Thin Crust Pepperoni Pizza, 16.35 oz","price":2.8,"preOrder":{"isPreOrder":false,"preOrderMessage":null,"preOrderStreetDateMessage":null},"priceInfo":{"itemPrice":"","linePrice":"$2.80","wasPrice":"","unitPrice":"17.1 ¢/oz","shipPrice":"","minPriceForVariant":"","subscriptionPrice":"","subscriptionString":"","priceDisplayCondition":"","finalCostByWeight":false,"submapType":""},"rating":{"averageRating":0,"numberOfReviews":0},"salesUnit":"EACH","variantList":[],"isVariantTypeSwatch":false,"brand":null,"manufacturerName":null,"offerId":"9342A1026CA1456AB98C5241B71D262B","fitmentLabel":"","isAtfMarker":false,"sellerId":"F55CDC31AB754BB68FE0B39041159D63","sellerName":"Walmart.com","hasSellerBadge":null,"seller":{"name":"Walmart.com","sellerId":"F55CDC31AB754BB68FE0B39041159D63"},"sponsoredProduct":null},{"__typename":"Product","availabilityStatusDisplayValue":"In stock","productLocationDisplayValue":null,"externalInfoUrl":"","canonicalUrl":"/ip/Red-Baron-Brick-Oven-Crust-Supreme-Pizza-18-64-oz/720025815","canAddToCart":true,"showOptions":false,"description":"\u003cli\u003eTopped high with delicious red \u0026 green peppers, onions, hearty pepperoni and sausage, and 100% real cheese\u003c/li\u003e\u003cli\u003eUnique Crispy, Bubbly, Golden Brown Crust\u003c/li\u003e\u003cli\u003eQuality Pizza Since 1976\u003c/li\u003e","flag":"","fulfillmentBadges":["Pickup","Delivery"],"fulfillmentIcon":{"key":"SAVE_WITH_W_PLUS","label":"Save with"},"fulfillmentBadge":"Today","fulfillmentSpeed":["TODAY"],"fulfillmentType":"STORE","id":"6TR48ZSAK9M0","usItemId":"720025815","image":"https://i5.walmartimages.com/asr/2f024fb8-fa24-4ef5-baeb-54340cd7b2a9.1743ca97211c375267d8af2011abe69b.jpeg?odnHeight=180\u0026odnWidth=180\u0026odnBg=ffffff","isOutOfStock":false,"esrb":"","mediaRating":"","name":"Red Baron Brick Oven Crust Supreme Pizza, 18.64 oz","price":4.26,"preOrder":{"isPreOrder":false,"preOrderMessage":null,"preOrderStreetDateMessage":null},"priceInfo":{"itemPrice":"","linePrice":"$4.26","wasPrice":"","unitPrice":"22.9 ¢/oz","shipPrice":"","minPriceForVariant":"","subscriptionPrice":"","subscriptionString":"","priceDisplayCondition":"","finalCostByWeight":false,"submapType":""},"rating":{"averageRating":0,"numberOfReviews":0},"salesUnit":"EACH","variantList":[],"isVariantTypeSwatch":false,"brand":null,"manufacturerName":null,"offerId":"D4E22EBFB8424D19AB7EAC855D1B3A58","fitmentLabel":"","isAtfMarker":false,"sellerId":"F55CDC31AB754BB68FE0B39041159D63","sellerName":"Walmart.com","hasSellerBadge":null,"seller":{"name":"Walmart.com","sellerId":"F55CDC31AB754BB68FE0B39041159D63"},"sponsoredProduct":null},{"__typename":"Product","availabilityStatusDisplayValue":"In stock","productLocationDisplayValue":null,"externalInfoUrl":"","canonicalUrl":"/ip/Sam-s-Choice-Frozen-Stuffed-Crust-Seven-Cheese-Pizza-33-6-Oz/10898753","canAddToCart":true,"showOptions":false,"description":"\u003cli\u003eDelicious crust stuffed with cheese\u003c/li\u003e\u003cli\u003e7 different cheeses on this scrumptious pizza\u003c/li\u003e\u003cli\u003eSave time on dinner with this convenient meal\u003c/li\u003e","flag":"","fulfillmentBadges":["Pickup","Delivery"],"fulfillmentIcon":{"key":"SAVE_WITH_W_PLUS","label":"Save with"},"fulfillmentBadge":"Today","fulfillmentSpeed":["TODAY"],"fulfillmentType":"STORE","id":"7ECF7MW33JI9","usItemId":"10898753","image":"https://i5.walmartimages.com/asr/4b12b720-75d5-412e-a223-4f1d184d82d6_3.0e00f1e486b3ec97f3dcc730d127ba6d.jpeg?odnHeight=180\u0026odnWidth=180\u0026odnBg=ffffff","isOutOfStock":false,"esrb":"","mediaRating":"","name":"Sam's Choice Frozen Stuffed Crust Seven Cheese Pizza, 33.6 Oz","price":5.98,"preOrder":{"isPreOrder":false,"preOrderMessage":null,"preOrderStreetDateMessage":null},"priceInfo":{"itemPrice":"","linePrice":"$5.98","wasPrice":"","unitPrice":"17.8 ¢/ea","shipPrice":"","minPriceForVariant":"","subscriptionPrice":"","subscriptionString":"","priceDisplayCondition":"","finalCostByWeight":false,"submapType":""},"rating":{"averageRating":0,"numberOfReviews":0},"salesUnit":"EACH","variantList":[],"isVariantTypeSwatch":false,"brand":null,"manufacturerName":null,"offerId":"0C87A6EDE24540BA94589DF16D85EBC3","fitmentLabel":"","isAtfMarker":true,"sellerId":"F55CDC31AB754BB68FE0B39041159D63","sellerName":"Walmart.com","hasSellerBadge":null,"seller":{"name":"Walmart.com","sellerId":"F55CDC31AB754BB68FE0B39041159D63"},"sponsoredProduct":null},{"__typename":"Product","availabilityStatusDisplayValue":"In stock","productLocationDisplayValue":null,"externalInfoUrl":"","canonicalUrl":"/ip/DIGIORNO-Five-Cheese-Frozen-Pizza-on-a-Cheese-Stuffed-Crust-22-2-oz/50427112","canAddToCart":true,"showOptions":false,"description":"\u003cli\u003eEnjoy 2 1/2 feet of cheese stuffed in the crust with DIGIORNO Five Cheese Frozen Pizza on a Cheese Stuffed Crust. The DIGIORNO frozen pizza is topped with a blend of five cheeses, delivering a\u003c/li\u003e","flag":"","fulfillmentBadges":["Pickup","Delivery"],"fulfillmentIcon":{"key":"SAVE_WITH_W_PLUS","label":"Save with"},"fulfillmentBadge":"Today","fulfillmentSpeed":["TODAY"],"fulfillmentType":"STORE","id":"1X5I3QUE86G0","usItemId":"50427112","image":"https://i5.walmartimages.com/asr/f08f2ab5-8d4e-46dc-8b72-850e9751a922.fd15e1c9128e8c8ebc4344015ab4773a.jpeg?odnHeight=180\u0026odnWidth=180\u0026odnBg=ffffff","isOutOfStock":false,"esrb":"","mediaRating":"","name":"DIGIORNO Five Cheese Frozen Pizza on a Cheese Stuffed Crust 22.2 oz.","price":7.78,"preOrder":{"isPreOrder":false,"preOrderMessage":null,"preOrderStreetDateMessage":null},"priceInfo":{"itemPrice":"","linePrice":"$7.78","wasPrice":"","unitPrice":"35.0 ¢/oz","shipPrice":"","minPriceForVariant":"","subscriptionPrice":"","subscriptionString":"","priceDisplayCondition":"","finalCostByWeight":false,"submapType":""},"rating":{"averageRating":0,"numberOfReviews":0},"salesUnit":"EACH","variantList":[],"isVariantTypeSwatch":false,"brand":null,"manufacturerName":null,"offerId":"6637CF6834884CF19121625ED59B3D89","fitmentLabel":"","isAtfMarker":false,"sellerId":"F55CDC31AB754BB68FE0B39041159D63","sellerName":"Walmart.com","hasSellerBadge":null,"seller":{"name":"Walmart.com","sellerId":"F55CDC31AB754BB68FE0B39041159D63"},"sponsoredProduct":{"spQs":"XjgAQu-uqNS2ZMue8OIudmyxmvB0V-ivq64eMQ_MfPTbv0NHVshmOz63rNyynj0vlihXx-6v1lj6jmU65ibmA7_oSkMRWT-IGPE3ag-yeCQ","clickBeacon":"https://wrd.walmart.com/track?tax=976759_976791_5774679_3790397\u0026pltfm=desktop\u0026pt=search\u0026mloc=sp-search-middle\u0026storeId=999\u0026adUid=lfiG0-HFbfUzxMedZBajwBkCu-MFJMGOQeL5\u0026bt=__bt__\u0026pgId=pizza\u0026pos=__pos__\u0026spQs=XjgAQu-uqNS2ZMue8OIudmyxmvB0V-ivq64eMQ_MfPTbv0NHVshmOz63rNyynj0vlihXx-6v1lj6jmU65ibmA7_oSkMRWT-IGPE3ag-yeCQ\u0026eventST=__eventST__\u0026plmt=__plmt__\u0026rdf=0","spTags":null}},{"__typename":"Product","availabilityStatusDisplayValue":"In stock","productLocationDisplayValue":null,"externalInfoUrl":"","canonicalUrl":"/ip/DIGIORNO-Supreme-Frozen-Pizza-on-a-Cheese-Stuffed-Crust-26-4-oz/51409814","canAddToCart":true,"showOptions":false,"description":"\u003cli\u003eEnjoy 2 1/2 feet of cheese stuffed in the crust with DIGIORNO Supreme Frozen Pizza on a Cheese Stuffed Crust. The DIGIORNO frozen pizza is topped with sausage, pepperoni, red and green peppers,\u003c/li\u003e","flag":"","fulfillmentBadges":["Pickup","Delivery"],"fulfillmentIcon":{"key":"SAVE_WITH_W_PLUS","label":"Save with"},"fulfillmentBadge":"Today","fulfillmentSpeed":["TODAY"],"fulfillmentType":"STORE","id":"6NQTDSMG57XI","usItemId":"51409814","image":"https://i5.walmartimages.com/asr/a995debb-ada1-4084-9a98-233bd26348cd.2c2992affb450cbe72026eef9bf101a8.jpeg?odnHeight=180\u0026odnWidth=180\u0026odnBg=ffffff","isOutOfStock":false,"esrb":"","mediaRating":"","name":"DIGIORNO Supreme Frozen Pizza on a Cheese Stuffed Crust 26.4 oz.","price":7.78,"preOrder":{"isPreOrder":false,"preOrderMessage":null,"preOrderStreetDateMessage":null},"priceInfo":{"itemPrice":"","linePrice":"$7.78","wasPrice":"","unitPrice":"29.5 ¢/oz","shipPrice":"","minPriceForVariant":"","subscriptionPrice":"","subscriptionString":"","priceDisplayCondition":"","finalCostByWeight":false,"submapType":""},"rating":{"averageRating":0,"numberOfReviews":0},"salesUnit":"EACH","variantList":[],"isVariantTypeSwatch":false,"brand":null,"manufacturerName":null,"offerId":"0E2945DEAA004FF3944AA03B58D3E8DD","fitmentLabel":"","isAtfMarker":false,"sellerId":"F55CDC31AB754BB68FE0B39041159D63","sellerName":"Walmart.com","hasSellerBadge":null,"seller":{"name":"Walmart.com","sellerId":"F55CDC31AB754BB68FE0B39041159D63"},"sponsoredProduct":{"spQs":"5MIpXaICbTKRS95PpJHERmyxmvB0V-ivq64eMQ_MfPRytg2hY5kY1E9KsLXOUT2RlihXx-6v1lj6jmU65ibmA7_oSkMRWT-IGPE3ag-yeCQ","clickBeacon":"https://wrd.walmart.com/track?tax=976759_976791_5774679_3790397\u0026pltfm=desktop\u0026pt=search\u0026mloc=sp-search-middle\u0026storeId=999\u0026adUid=lfiG0-HFbfUzxMedZBajwBkCu-MFJMGOQeL5\u0026bt=__bt__\u0026pgId=pizza\u0026pos=__pos__\u0026spQs=5MIpXaICbTKRS95PpJHERmyxmvB0V-ivq64eMQ_MfPRytg2hY5kY1E9KsLXOUT2RlihXx-6v1lj6jmU65ibmA7_oSkMRWT-IGPE3ag-yeCQ\u0026eventST=__eventST__\u0026plmt=__plmt__\u0026rdf=0","spTags":null}},{"__typename":"MarqueePlaceholder","type":"MarqueeDisplayAd","moduleLocation":"marquee1","lazy":"0"},{"__typename":"Product","availabilityStatusDisplayValue":"In stock","productLocationDisplayValue":null,"externalInfoUrl":"","canonicalUrl":"/ip/Red-Baron-Deep-Dish-Singles-Four-Cheese-Pizza-2-count-11-20-oz/964861174","canAddToCart":true,"showOptions":false,"description":"\u003cli\u003eRed Baron Deep Dish Singles Four Cheese Pizzas are made with zesty tomato sauce real mozzarella, cheddar, provolone, and parmesan cheese\u003c/li\u003e\u003cli\u003e2 Deep Dish Singles pizzas that are made on our\u003c/li\u003e","flag":"","fulfillmentBadges":["Pickup","Delivery"],"fulfillmentIcon":{"key":"SAVE_WITH_W_PLUS","label":"Save with"},"fulfillmentBadge":"Today","fulfillmentSpeed":["TODAY"],"fulfillmentType":"STORE","id":"3173N31K2ISN","usItemId":"964861174","image":"https://i5.walmartimages.com/asr/6fefa144-8e2f-41d7-86df-ebba03c53daf.d31eada5305ab6814365f215b5a96b44.jpeg?odnHeight=180\u0026odnWidth=180\u0026odnBg=ffffff","isOutOfStock":false,"esrb":"","mediaRating":"","name":"Red Baron Deep Dish Singles Four Cheese Pizza, 2 count, 11.20 oz","price":3.48,"preOrder":{"isPreOrder":false,"preOrderMessage":null,"preOrderStreetDateMessage":null},"priceInfo":{"itemPrice":"","linePrice":"$3.48","wasPrice":"","unitPrice":"31.1 ¢/oz","shipPrice":"","minPriceForVariant":"","subscriptionPrice":"","subscriptionString":"","priceDisplayCondition":"","finalCostByWeight":false,"submapType":""},"rating":{"averageRating":0,"numberOfReviews":0},"salesUnit":"EACH","variantList":[],"isVariantTypeSwatch":false,"brand":null,"manufacturerName":null,"offerId":"EFED818F9D784F1587EE30ADB1A1698F","fitmentLabel":"","isAtfMarker":false,"sellerId":"F55CDC31AB754BB68FE0B39041159D63","sellerName":"Walmart.com","hasSellerBadge":null,"seller":{"name":"Walmart.com","sellerId":"F55CDC31AB754BB68FE0B39041159D63"},"sponsoredProduct":null},{"__typename":"Product","availabilityStatusDisplayValue":"In stock","productLocationDisplayValue":null,"externalInfoUrl":"","canonicalUrl":"/ip/Marketside-12-5-Cheese-Pizza/911870389","canAddToCart":true,"showOptions":false,"description":"Marketside 12\" Cheese Pizza","flag":"","fulfillmentBadges":["Pickup","Delivery"],"fulfillmentIcon":{"key":"SAVE_WITH_W_PLUS","label":"Save with"},"fulfillmentBadge":"Today","fulfillmentSpeed":["TODAY"],"fulfillmentType":"STORE","id":"5SIU9TQ5SEYR","usItemId":"911870389","image":"https://i5.walmartimages.com/asr/40337ed8-d9c4-4c4a-99c3-735c4e824e2d_1.88e1573aebc171ac5c620517eaba9d10.jpeg?odnHeight=180\u0026odnWidth=180\u0026odnBg=ffffff","isOutOfStock":false,"esrb":"","mediaRating":"","name":"Marketside 12\" 5 Cheese Pizza","price":5,"preOrder":{"isPreOrder":false,"preOrderMessage":null,"preOrderStreetDateMessage":null},"priceInfo":{"itemPrice":"","linePrice":"$5.00","wasPrice":"","unitPrice":"23.9 ¢/oz","shipPrice":"","minPriceForVariant":"","subscriptionPrice":"","subscriptionString":"","priceDisplayCondition":"","finalCostByWeight":false,"submapType":""},"rating":{"averageRating":0,"numberOfReviews":0},"salesUnit":"EACH","variantList":[],"isVariantTypeSwatch":false,"brand":null,"manufacturerName":null,"offerId":"EB504077A22D4C23A4BD0651648A8250","fitmentLabel":"","isAtfMarker":false,"sellerId":"F55CDC31AB754BB68FE0B39041159D63","sellerName":"Walmart.com","hasSellerBadge":null,"seller":{"name":"Walmart.com","sellerId":"F55CDC31AB754BB68FE0B39041159D63"},"sponsoredProduct":null},{"__typename":"Product","availabilityStatusDisplayValue":"In stock","productLocationDisplayValue":null,"externalInfoUrl":"","canonicalUrl":"/ip/Sam-s-Choice-Thin-Crust-Philly-Cheese-Steak-Pizza-19-25-oz/973797315","canAddToCart":true,"showOptions":false,"description":"\u003cli\u003eFrozen pizza topped with creamy cheese sauce, whole milk mozzarella and provolone cheeses, sliced beef, green peppers and caramelized onions\u003c/li\u003e\u003cli\u003eUSDA inspected\u003c/li\u003e\u003cli\u003eGreat source of calcium\u003c/li\u003e","flag":"","fulfillmentBadges":["Pickup","Delivery"],"fulfillmentIcon":{"key":"SAVE_WITH_W_PLUS","label":"Save with"},"fulfillmentBadge":"Today","fulfillmentSpeed":["TODAY"],"fulfillmentType":"STORE","id":"415AQWQN2KP0","usItemId":"973797315","image":"https://i5.walmartimages.com/asr/8df2ba5a-87f4-49bd-9879-646140cd3b5d.4ef63ac68e1fde498a2aa026e6e47310.jpeg?odnHeight=180\u0026odnWidth=180\u0026odnBg=ffffff","isOutOfStock":false,"esrb":"","mediaRating":"","name":"Sam's Choice Thin Crust Philly Cheese Steak Pizza, 19.25 oz","price":5,"preOrder":{"isPreOrder":false,"preOrderMessage":null,"preOrderStreetDateMessage":null},"priceInfo":{"itemPrice":"","linePrice":"$5.00","wasPrice":"","unitPrice":"25.9 ¢/oz","shipPrice":"","minPriceForVariant":"","subscriptionPrice":"","subscriptionString":"","priceDisplayCondition":"","finalCostByWeight":false,"submapType":""},"rating":{"averageRating":0,"numberOfReviews":0},"salesUnit":"EACH","variantList":[],"isVariantTypeSwatch":false,"brand":null,"manufacturerName":null,"offerId":"7E28A10FA0A041F48DB23A81A0BFC030","fitmentLabel":"","isAtfMarker":false,"sellerId":"F55CDC31AB754BB68FE0B39041159D63","sellerName":"Walmart.com","hasSellerBadge":null,"seller":{"name":"Walmart.com","sellerId":"F55CDC31AB754BB68FE0B39041159D63"},"sponsoredProduct":null},{"__typename":"Product","availabilityStatusDisplayValue":"In stock","productLocationDisplayValue":null,"externalInfoUrl":"","canonicalUrl":"/ip/Marketside-Pepperoni-and-Mozzarella-Flatbread/43269879","canAddToCart":true,"showOptions":false,"description":"\u003cli\u003eTake and bake\u003c/li\u003e\u003cli\u003eSliced and diced premium pepperoni\u003c/li\u003e\u003cli\u003eMade with 100% real cheese\u003c/li\u003e","flag":"","fulfillmentBadges":["Pickup","Delivery"],"fulfillmentIcon":{"key":"SAVE_WITH_W_PLUS","label":"Save with"},"fulfillmentBadge":"Today","fulfillmentSpeed":["TODAY"],"fulfillmentType":"STORE","id":"3HJTRTJSMZL5","usItemId":"43269879","image":"https://i5.walmartimages.com/asr/452ba8a2-4398-4b0d-a0ad-083ba2f1d424_1.cbd42c4fc4dd2216c8bd0d0a6b889bde.jpeg?odnHeight=180\u0026odnWidth=180\u0026odnBg=ffffff","isOutOfStock":false,"esrb":"","mediaRating":"","name":"Marketside Pepperoni and Mozzarella Flatbread","price":5,"preOrder":{"isPreOrder":false,"preOrderMessage":null,"preOrderStreetDateMessage":null},"priceInfo":{"itemPrice":"","linePrice":"$5.00","wasPrice":"","unitPrice":"43.9 ¢/oz","shipPrice":"","minPriceForVariant":"","subscriptionPrice":"","subscriptionString":"","priceDisplayCondition":"","finalCostByWeight":false,"submapType":""},"rating":{"averageRating":0,"numberOfReviews":0},"salesUnit":"EACH","variantList":[],"isVariantTypeSwatch":false,"brand":null,"manufacturerName":null,"offerId":"C7FB0DBB4C1D4F37AF0260AD399625C6","fitmentLabel":"","isAtfMarker":false,"sellerId":"F55CDC31AB754BB68FE0B39041159D63","sellerName":"Walmart.com","hasSellerBadge":null,"seller":{"name":"Walmart.com","sellerId":"F55CDC31AB754BB68FE0B39041159D63"},"sponsoredProduct":null},{"__typename":"Product","availabilityStatusDisplayValue":"In stock","productLocationDisplayValue":null,"externalInfoUrl":"","canonicalUrl":"/ip/Totino-s-Party-Pizza-Combination-10-7-oz-frozen/10813483","canAddToCart":true,"showOptions":false,"description":"\u003cli\u003eSausage and pizza topping with pepperoni seasoning\u003c/li\u003e\u003cli\u003eThe original crisp crust\u003c/li\u003e","flag":"","fulfillmentBadges":["Pickup","Delivery"],"fulfillmentIcon":{"key":"SAVE_WITH_W_PLUS","label":"Save with"},"fulfillmentBadge":"Today","fulfillmentSpeed":["TODAY"],"fulfillmentType":"STORE","id":"5U7MWYPFUJ9F","usItemId":"10813483","image":"https://i5.walmartimages.com/asr/9f0fe0dd-d8eb-48bc-a273-bae098b635f4.b3d9e3fb415d41c1811a91e6f1cba953.png?odnHeight=180\u0026odnWidth=180\u0026odnBg=ffffff","isOutOfStock":false,"esrb":"","mediaRating":"","name":"Totino's Party Pizza, Combination, 10.7 oz (frozen)","price":1.3,"preOrder":{"isPreOrder":false,"preOrderMessage":null,"preOrderStreetDateMessage":null},"priceInfo":{"itemPrice":"","linePrice":"$1.30","wasPrice":"","unitPrice":"12.1 ¢/oz","shipPrice":"","minPriceForVariant":"","subscriptionPrice":"","subscriptionString":"","priceDisplayCondition":"","finalCostByWeight":false,"submapType":""},"rating":{"averageRating":0,"numberOfReviews":0},"salesUnit":"EACH","variantList":[],"isVariantTypeSwatch":false,"brand":null,"manufacturerName":null,"offerId":"2A2116C64887459283CB5EF145552E4A","fitmentLabel":"","isAtfMarker":false,"sellerId":"F55CDC31AB754BB68FE0B39041159D63","sellerName":"Walmart.com","hasSellerBadge":null,"seller":{"name":"Walmart.com","sellerId":"F55CDC31AB754BB68FE0B39041159D63"},"sponsoredProduct":null},{"__typename":"Product","availabilityStatusDisplayValue":"In stock","productLocationDisplayValue":null,"externalInfoUrl":"","canonicalUrl":"/ip/Sam-s-Choice-Thin-Crust-Pepperoni-Pizza-19-76-oz/314451788","canAddToCart":true,"showOptions":false,"description":"\u003cli\u003eZesty tomato sauce, whole milk mozzarella, white cheddar, provolone, parmesan, and romano cheeses and sliced, chopped and julienned pepperoni on a thin crust\u003c/li\u003e\u003cli\u003eUSDA inspected\u003c/li\u003e\u003cli\u003e17\u003c/li\u003e","flag":"","fulfillmentBadges":["Pickup","Delivery"],"fulfillmentIcon":{"key":"SAVE_WITH_W_PLUS","label":"Save with"},"fulfillmentBadge":"Today","fulfillmentSpeed":["TODAY"],"fulfillmentType":"STORE","id":"2RA9M44RJNAC","usItemId":"314451788","image":"https://i5.walmartimages.com/asr/eef003be-4587-4c31-a484-6c0afc5a0220.5f9f73ca88c31db8c1145d665a106680.jpeg?odnHeight=180\u0026odnWidth=180\u0026odnBg=ffffff","isOutOfStock":false,"esrb":"","mediaRating":"","name":"Sam's Choice Thin Crust Pepperoni Pizza, 19.76 oz","price":5,"preOrder":{"isPreOrder":false,"preOrderMessage":null,"preOrderStreetDateMessage":null},"priceInfo":{"itemPrice":"","linePrice":"$5.00","wasPrice":"","unitPrice":"25.3 ¢/oz","shipPrice":"","minPriceForVariant":"","subscriptionPrice":"","subscriptionString":"","priceDisplayCondition":"","finalCostByWeight":false,"submapType":""},"rating":{"averageRating":0,"numberOfReviews":0},"salesUnit":"EACH","variantList":[],"isVariantTypeSwatch":false,"brand":null,"manufacturerName":null,"offerId":"BCE5829486AB47F0837B119B244550C7","fitmentLabel":"","isAtfMarker":false,"sellerId":"F55CDC31AB754BB68FE0B39041159D63","sellerName":"Walmart.com","hasSellerBadge":null,"seller":{"name":"Walmart.com","sellerId":"F55CDC31AB754BB68FE0B39041159D63"},"sponsoredProduct":null},{"__typename":"Product","availabilityStatusDisplayValue":"In stock","productLocationDisplayValue":null,"externalInfoUrl":"","canonicalUrl":"/ip/Totino-s-Party-Pizza-Classic-Pepperoni-9-8-oz-frozen/33469785","canAddToCart":true,"showOptions":false,"description":"\u003cli\u003eSame amount of pizza with less packaging and different shape\u003c/li\u003e\u003cli\u003eFits better in your freezer\u003c/li\u003e\u003cli\u003ePerfect shape\u003c/li\u003e","flag":"","fulfillmentBadges":["Pickup","Delivery"],"fulfillmentIcon":{"key":"SAVE_WITH_W_PLUS","label":"Save with"},"fulfillmentBadge":"Today","fulfillmentSpeed":["TODAY"],"fulfillmentType":"STORE","id":"3IPPZUQL82GI","usItemId":"33469785","image":"https://i5.walmartimages.com/asr/fd10ae35-5c30-4bc7-9edc-299ab3b32490.efbdfbfec3319622107a5960264c983a.png?odnHeight=180\u0026odnWidth=180\u0026odnBg=ffffff","isOutOfStock":false,"esrb":"","mediaRating":"","name":"Totino's Party Pizza, Classic Pepperoni, 9.8 oz (frozen)","price":1.3,"preOrder":{"isPreOrder":false,"preOrderMessage":null,"preOrderStreetDateMessage":null},"priceInfo":{"itemPrice":"","linePrice":"$1.30","wasPrice":"","unitPrice":"13.3 ¢/oz","shipPrice":"","minPriceForVariant":"","subscriptionPrice":"","subscriptionString":"","priceDisplayCondition":"","finalCostByWeight":false,"submapType":""},"rating":{"averageRating":0,"numberOfReviews":0},"salesUnit":"EACH","variantList":[],"isVariantTypeSwatch":false,"brand":null,"manufacturerName":null,"offerId":"0575CBA9EEAF4F0B9F557D5D9FF83E3A","fitmentLabel":"","isAtfMarker":false,"sellerId":"F55CDC31AB754BB68FE0B39041159D63","sellerName":"Walmart.com","hasSellerBadge":null,"seller":{"name":"Walmart.com","sellerId":"F55CDC31AB754BB68FE0B39041159D63"},"sponsoredProduct":null},{"__typename":"Product","availabilityStatusDisplayValue":"In stock","productLocationDisplayValue":null,"externalInfoUrl":"","canonicalUrl":"/ip/DIGIORNO-Supreme-Frozen-Pizza-on-a-Thin-Crust-24-8-oz/10293048","canAddToCart":true,"showOptions":false,"description":"\u003cli\u003eDIGIORNO Supreme Frozen Pizza on a Thin Crust is created with a thin pizza crust that offers a crispy texture with a delightful crunch. This cook and serve frozen thin crust pizza is made with\u003c/li\u003e","flag":"","fulfillmentBadges":["Pickup","Delivery"],"fulfillmentIcon":{"key":"SAVE_WITH_W_PLUS","label":"Save with"},"fulfillmentBadge":"Today","fulfillmentSpeed":["TODAY"],"fulfillmentType":"STORE","id":"7EDZKORXM7ET","usItemId":"10293048","image":"https://i5.walmartimages.com/asr/30303310-68b8-406c-a8f2-8a39a78d5dea.7c85463ba94fc8303c6efb394e215f66.jpeg?odnHeight=180\u0026odnWidth=180\u0026odnBg=ffffff","isOutOfStock":false,"esrb":"","mediaRating":"","name":"DIGIORNO Supreme Frozen Pizza on a Thin Crust 24.8 oz.","price":5.27,"preOrder":{"isPreOrder":false,"preOrderMessage":null,"preOrderStreetDateMessage":null},"priceInfo":{"itemPrice":"","linePrice":"$5.27","wasPrice":"","unitPrice":"21.3 ¢/oz","shipPrice":"","minPriceForVariant":"","subscriptionPrice":"","subscriptionString":"","priceDisplayCondition":"","finalCostByWeight":false,"submapType":""},"rating":{"averageRating":0,"numberOfReviews":0},"salesUnit":"EACH","variantList":[],"isVariantTypeSwatch":false,"brand":null,"manufacturerName":null,"offerId":"68EFB939AB644CB79125BF133556033A","fitmentLabel":"","isAtfMarker":false,"sellerId":"F55CDC31AB754BB68FE0B39041159D63","sellerName":"Walmart.com","hasSellerBadge":null,"seller":{"name":"Walmart.com","sellerId":"F55CDC31AB754BB68FE0B39041159D63"},"sponsoredProduct":{"spQs":"aomrEypdGiFqwbonMEO1gmyxmvB0V-ivq64eMQ_MfPQvDtNEHk2kinVc4zbOLDkelihXx-6v1lj6jmU65ibmA7_oSkMRWT-IGPE3ag-yeCQ","clickBeacon":"https://wrd.walmart.com/track?tax=976759_976791_5774679_3790397\u0026pltfm=desktop\u0026pt=search\u0026mloc=sp-search-middle\u0026storeId=999\u0026adUid=lfiG0-HFbfUzxMedZBajwBkCu-MFJMGOQeL5\u0026bt=__bt__\u0026pgId=pizza\u0026pos=__pos__\u0026spQs=aomrEypdGiFqwbonMEO1gmyxmvB0V-ivq64eMQ_MfPQvDtNEHk2kinVc4zbOLDkelihXx-6v1lj6jmU65ibmA7_oSkMRWT-IGPE3ag-yeCQ\u0026eventST=__eventST__\u0026plmt=__plmt__\u0026rdf=0","spTags":null}},{"__typename":"Product","availabilityStatusDisplayValue":"In stock","productLocationDisplayValue":null,"externalInfoUrl":"","canonicalUrl":"/ip/CAULIPOWER-Margherita-Stone-fired-Cauliflower-Crust-Pizza-10-9-oz/615063634","canAddToCart":true,"showOptions":false,"description":"Our Margherita Pizza is a nutritious spin on a classic fave, using our delicious crust thats made with real cauliflower as the base, and topping it with vine-ripened tomatoes and a melty mix of","flag":"","fulfillmentBadges":["Pickup","Delivery"],"fulfillmentIcon":{"key":"SAVE_WITH_W_PLUS","label":"Save with"},"fulfillmentBadge":"Today","fulfillmentSpeed":["TODAY"],"fulfillmentType":"STORE","id":"26XS38G5IVMV","usItemId":"615063634","image":"https://i5.walmartimages.com/asr/22eb6920-ac0a-4838-9e26-8eea5aba1078.977644a39e039a26fbb4c400c30d4397.jpeg?odnHeight=180\u0026odnWidth=180\u0026odnBg=ffffff","isOutOfStock":false,"esrb":"","mediaRating":"","name":"CAULIPOWER Margherita Stone-fired Cauliflower Crust Pizza, 10.9 oz","price":6.48,"preOrder":{"isPreOrder":false,"preOrderMessage":null,"preOrderStreetDateMessage":null},"priceInfo":{"itemPrice":"","linePrice":"$6.48","wasPrice":"","unitPrice":"59.4 ¢/oz","shipPrice":"","minPriceForVariant":"","subscriptionPrice":"","subscriptionString":"","priceDisplayCondition":"","finalCostByWeight":false,"submapType":""},"rating":{"averageRating":0,"numberOfReviews":0},"salesUnit":"EACH","variantList":[],"isVariantTypeSwatch":false,"brand":null,"manufacturerName":null,"offerId":"D0E48A3FD16341E894FC953C2DC18DF4","fitmentLabel":"","isAtfMarker":false,"sellerId":"F55CDC31AB754BB68FE0B39041159D63","sellerName":"Walmart.com","hasSellerBadge":null,"seller":{"name":"Walmart.com","sellerId":"F55CDC31AB754BB68FE0B39041159D63"},"sponsoredProduct":{"spQs":"VGq481ODeSpHIqqsbg-Kyt2cy-YaNQ6NtCopAz03-lIdEbsRMBAqYTm2AXpj9bRV9MhESOFOtneKn7UGn3DRG60lESw8esDjDSxzm8yvTJs","clickBeacon":"https://wrd.walmart.com/track?tax=976759_976791_5774679_3790397\u0026pltfm=desktop\u0026pt=search\u0026mloc=sp-search-middle\u0026storeId=999\u0026adUid=lfiG0-HFbfUzxMedZBajwBkCu-MFJMGOQeL5\u0026bt=__bt__\u0026pgId=pizza\u0026pos=__pos__\u0026spQs=VGq481ODeSpHIqqsbg-Kyt2cy-YaNQ6NtCopAz03-lIdEbsRMBAqYTm2AXpj9bRV9MhESOFOtneKn7UGn3DRG60lESw8esDjDSxzm8yvTJs\u0026eventST=__eventST__\u0026plmt=__plmt__\u0026rdf=0","spTags":null}},{"__typename":"Product","availabilityStatusDisplayValue":"In stock","productLocationDisplayValue":null,"externalInfoUrl":"","canonicalUrl":"/ip/Totino-s-Triple-Meat-Original-Crisp-Crust-Party-Pizza-1-Frozen-Pizza/10813474","canAddToCart":true,"showOptions":false,"description":"\u003cli\u003eSausage, Canadian style bacon and pizza topping with pepperoni seasoning\u003c/li\u003e\u003cli\u003eThe original crisp crust\u003c/li\u003e","flag":"","fulfillmentBadges":["Pickup","Delivery"],"fulfillmentIcon":{"key":"SAVE_WITH_W_PLUS","label":"Save with"},"fulfillmentBadge":"Today","fulfillmentSpeed":["TODAY"],"fulfillmentType":"STORE","id":"0WCDPI0670IB","usItemId":"10813474","image":"https://i5.walmartimages.com/asr/cd3311d6-a259-49a1-b3d9-cec741e95f44.930471a3957af724e4838562a0b2bff0.png?odnHeight=180\u0026odnWidth=180\u0026odnBg=ffffff","isOutOfStock":false,"esrb":"","mediaRating":"","name":"Totino's Triple Meat Original Crisp Crust Party Pizza, 1 Frozen Pizza","price":1.3,"preOrder":{"isPreOrder":false,"preOrderMessage":null,"preOrderStreetDateMessage":null},"priceInfo":{"itemPrice":"","linePrice":"$1.30","wasPrice":"","unitPrice":"12.4 ¢/oz","shipPrice":"","minPriceForVariant":"","subscriptionPrice":"","subscriptionString":"","priceDisplayCondition":"","finalCostByWeight":false,"submapType":""},"rating":{"averageRating":0,"numberOfReviews":0},"salesUnit":"EACH","variantList":[],"isVariantTypeSwatch":false,"brand":null,"manufacturerName":null,"offerId":"8BD63A595259465DA3AA5A67A05D23D8","fitmentLabel":"","isAtfMarker":false,"sellerId":"F55CDC31AB754BB68FE0B39041159D63","sellerName":"Walmart.com","hasSellerBadge":null,"seller":{"name":"Walmart.com","sellerId":"F55CDC31AB754BB68FE0B39041159D63"},"sponsoredProduct":null},{"__typename":"Product","availabilityStatusDisplayValue":"In stock","productLocationDisplayValue":null,"externalInfoUrl":"","canonicalUrl":"/ip/Marketside-Medium-Thin-Crust-Meat-Trio-Pizza-17-35-oz-Box/308684082","canAddToCart":true,"showOptions":false,"description":"\u003cspan style=\"font-weight: 700;\"\u003eMarketside Meat Trio Pizza, Thin Crust, Medium:\u003c/span\u003e\u003cli\u003eTopped with whole milk mozzarella, asiago, provolone, and romano cheese, vine ripened roma tomato sauce, fresh\u003c/li\u003e","flag":"","fulfillmentBadges":["Pickup","Delivery"],"fulfillmentIcon":{"key":"SAVE_WITH_W_PLUS","label":"Save with"},"fulfillmentBadge":"Today","fulfillmentSpeed":["TODAY"],"fulfillmentType":"STORE","id":"1RKRVHRJ5NQC","usItemId":"308684082","image":"https://i5.walmartimages.com/asr/025ece0d-aaf6-49e7-a1d8-82390f7d4d53_3.3993cada0a1e1a79e6ac406b5b08b155.jpeg?odnHeight=180\u0026odnWidth=180\u0026odnBg=ffffff","isOutOfStock":false,"esrb":"","mediaRating":"","name":"Marketside Medium Thin Crust Meat Trio Pizza 17.35 oz. Box","price":5,"preOrder":{"isPreOrder":false,"preOrderMessage":null,"preOrderStreetDateMessage":null},"priceInfo":{"itemPrice":"","linePrice":"$5.00","wasPrice":"","unitPrice":"29.8 ¢/oz","shipPrice":"","minPriceForVariant":"","subscriptionPrice":"","subscriptionString":"","priceDisplayCondition":"","finalCostByWeight":false,"submapType":""},"rating":{"averageRating":0,"numberOfReviews":0},"salesUnit":"EACH","variantList":[],"isVariantTypeSwatch":false,"brand":null,"manufacturerName":null,"offerId":"9C8EB29A1A3247E5B3ED6550A6EC3BF0","fitmentLabel":"","isAtfMarker":false,"sellerId":"F55CDC31AB754BB68FE0B39041159D63","sellerName":"Walmart.com","hasSellerBadge":null,"seller":{"name":"Walmart.com","sellerId":"F55CDC31AB754BB68FE0B39041159D63"},"sponsoredProduct":null},{"__typename":"Product","availabilityStatusDisplayValue":"In stock","productLocationDisplayValue":null,"externalInfoUrl":"","canonicalUrl":"/ip/Chef-Boyardee-Cheese-Pizza-Homemade-Pizza-Kit-31-85-Oz/10308555","canAddToCart":true,"showOptions":false,"description":"\u003cli\u003eHome pizza kit - just add cheese of your preference!\u003c/li\u003e\u003cli\u003eIncludes pizza dough mix (2) and Italian pizza sauce\u003c/li\u003e\u003cli\u003e260 calories per serving\u003c/li\u003e\u003cli\u003eAlso available in Pepperoni\u003c/li\u003e","flag":"","fulfillmentBadges":["Pickup","Delivery","2-day shipping"],"fulfillmentIcon":{"key":"SAVE_WITH_W_PLUS","label":"Save with"},"fulfillmentBadge":"Today","fulfillmentSpeed":["TODAY"],"fulfillmentType":"STORE","id":"48GYBCV8A2JL","usItemId":"10308555","image":"https://i5.walmartimages.com/asr/de001777-289f-4d24-99f9-6a1132502c12.6518b36b730f577fdc6260634f516f52.jpeg?odnHeight=180\u0026odnWidth=180\u0026odnBg=ffffff","isOutOfStock":false,"esrb":"","mediaRating":"","name":"Chef Boyardee Cheese Pizza, Homemade Pizza Kit, 31.85 Oz","price":2.98,"preOrder":{"isPreOrder":false,"preOrderMessage":null,"preOrderStreetDateMessage":null},"priceInfo":{"itemPrice":"","linePrice":"$2.98","wasPrice":"","unitPrice":"9.4 ¢/oz","shipPrice":"","minPriceForVariant":"","subscriptionPrice":"","subscriptionString":"","priceDisplayCondition":"","finalCostByWeight":false,"submapType":""},"rating":{"averageRating":0,"numberOfReviews":0},"salesUnit":"EACH","variantList":[],"isVariantTypeSwatch":false,"brand":null,"manufacturerName":null,"offerId":"50977E46D42646FEAC24AFE4E263C037","fitmentLabel":"","isAtfMarker":false,"sellerId":"F55CDC31AB754BB68FE0B39041159D63","sellerName":"Walmart.com","hasSellerBadge":null,"seller":{"name":"Walmart.com","sellerId":"F55CDC31AB754BB68FE0B39041159D63"},"sponsoredProduct":null},{"__typename":"Product","availabilityStatusDisplayValue":"In stock","productLocationDisplayValue":null,"externalInfoUrl":"","canonicalUrl":"/ip/El-Monterey-Signature-Quesadillas/48714472","canAddToCart":true,"showOptions":false,"description":"\u003cli\u003eLoaded with pepperoni, sausage, Italian sausage, beef topping, and steak\u003c/li\u003e\u003cli\u003eStuffed with mozzarella, asiago, and Romano cheese\u003c/li\u003e\u003cli\u003eEasy to prepare; ready within minutes\u003c/li\u003e","flag":"","fulfillmentBadges":["Pickup","Delivery"],"fulfillmentIcon":{"key":"SAVE_WITH_W_PLUS","label":"Save with"},"fulfillmentBadge":"Today","fulfillmentSpeed":["TODAY"],"fulfillmentType":"STORE","id":"3HICIB7L6MB8","usItemId":"48714472","image":"https://i5.walmartimages.com/asr/5a239d45-8b0c-4d09-9ca8-f8e77e37ca38_4.c988462d68aa349ea234d29181e803c9.jpeg?odnHeight=180\u0026odnWidth=180\u0026odnBg=ffffff","isOutOfStock":false,"esrb":"","mediaRating":"","name":"El Monterey Signature Quesadillas","price":5.98,"preOrder":{"isPreOrder":false,"preOrderMessage":null,"preOrderStreetDateMessage":null},"priceInfo":{"itemPrice":"","linePrice":"$5.98","wasPrice":"","unitPrice":"18.8 ¢/oz","shipPrice":"","minPriceForVariant":"","subscriptionPrice":"","subscriptionString":"","priceDisplayCondition":"","finalCostByWeight":false,"submapType":""},"rating":{"averageRating":0,"numberOfReviews":0},"salesUnit":"EACH","variantList":[],"isVariantTypeSwatch":false,"brand":null,"manufacturerName":null,"offerId":"D4FAB0778B1E4D6EA9F23CF06F81A66F","fitmentLabel":"","isAtfMarker":false,"sellerId":"F55CDC31AB754BB68FE0B39041159D63","sellerName":"Walmart.com","hasSellerBadge":null,"seller":{"name":"Walmart.com","sellerId":"F55CDC31AB754BB68FE0B39041159D63"},"sponsoredProduct":null},{"__typename":"Product","availabilityStatusDisplayValue":"In stock","productLocationDisplayValue":null,"externalInfoUrl":"","canonicalUrl":"/ip/Great-Value-Three-Meat-Pizza-Deep-Dish-Mini-22-4-oz-4-Count/46491745","canAddToCart":true,"showOptions":false,"description":"\u003cli\u003eMicrowave in minutes\u003c/li\u003e\u003cli\u003eUSDA inspected\u003c/li\u003e\u003cli\u003eTopped with sausage, pepperoni and ham\u003c/li\u003e\u003cli\u003e4 pizzas\u003c/li\u003e","flag":"","fulfillmentBadges":["Pickup","Delivery"],"fulfillmentIcon":{"key":"SAVE_WITH_W_PLUS","label":"Save with"},"fulfillmentBadge":"Today","fulfillmentSpeed":["TODAY"],"fulfillmentType":"STORE","id":"0XZUO55XH57N","usItemId":"46491745","image":"https://i5.walmartimages.com/asr/1a451998-2b82-440b-b70a-ad667f7ab7fe.bbd13ad668613b50b0a46d8a082be63e.jpeg?odnHeight=180\u0026odnWidth=180\u0026odnBg=ffffff","isOutOfStock":false,"esrb":"","mediaRating":"","name":"Great Value Three Meat Pizza, Deep Dish, Mini, 22.4 oz, 4 Count","price":4,"preOrder":{"isPreOrder":false,"preOrderMessage":null,"preOrderStreetDateMessage":null},"priceInfo":{"itemPrice":"","linePrice":"$4.00","wasPrice":"","unitPrice":"17.9 ¢/oz","shipPrice":"","minPriceForVariant":"","subscriptionPrice":"","subscriptionString":"","priceDisplayCondition":"","finalCostByWeight":false,"submapType":""},"rating":{"averageRating":0,"numberOfReviews":0},"salesUnit":"EACH","variantList":[],"isVariantTypeSwatch":false,"brand":null,"manufacturerName":null,"offerId":"9B9A9C5CFCC544DB85106590FD9876EE","fitmentLabel":"","isAtfMarker":false,"sellerId":"F55CDC31AB754BB68FE0B39041159D63","sellerName":"Walmart.com","hasSellerBadge":null,"seller":{"name":"Walmart.com","sellerId":"F55CDC31AB754BB68FE0B39041159D63"},"sponsoredProduct":null},{"__typename":"Product","availabilityStatusDisplayValue":"In stock","productLocationDisplayValue":null,"externalInfoUrl":"","canonicalUrl":"/ip/Marketside-Traditional-Crust-Extra-Large-Ultimate-Meat-Pizza-54-2-oz/686039218","canAddToCart":true,"showOptions":false,"description":"Marketside 16\" Ultimate Meat","flag":"","fulfillmentBadges":["Pickup","Delivery"],"fulfillmentIcon":{"key":"SAVE_WITH_W_PLUS","label":"Save with"},"fulfillmentBadge":"Today","fulfillmentSpeed":["TODAY"],"fulfillmentType":"STORE","id":"3JKFLRWLMR3Q","usItemId":"686039218","image":"https://i5.walmartimages.com/asr/a44c92b8-add4-4681-bb0a-067c2e316bdd_1.352466ea40d60111a2a049a89a8267d6.jpeg?odnHeight=180\u0026odnWidth=180\u0026odnBg=ffffff","isOutOfStock":false,"esrb":"","mediaRating":"","name":"Marketside Traditional Crust Extra Large Ultimate Meat Pizza, 54.2 oz","price":8,"preOrder":{"isPreOrder":false,"preOrderMessage":null,"preOrderStreetDateMessage":null},"priceInfo":{"itemPrice":"","linePrice":"$8.00","wasPrice":"","unitPrice":"14.8 ¢/oz","shipPrice":"","minPriceForVariant":"","subscriptionPrice":"","subscriptionString":"","priceDisplayCondition":"","finalCostByWeight":false,"submapType":""},"rating":{"averageRating":0,"numberOfReviews":0},"salesUnit":"EACH","variantList":[],"isVariantTypeSwatch":false,"brand":null,"manufacturerName":null,"offerId":"81DD52E915F544B18A424485D602FDB2","fitmentLabel":"","isAtfMarker":false,"sellerId":"F55CDC31AB754BB68FE0B39041159D63","sellerName":"Walmart.com","hasSellerBadge":null,"seller":{"name":"Walmart.com","sellerId":"F55CDC31AB754BB68FE0B39041159D63"},"sponsoredProduct":null},{"__typename":"Product","availabilityStatusDisplayValue":"In stock","productLocationDisplayValue":null,"externalInfoUrl":"","canonicalUrl":"/ip/CAULIPOWER-Gluten-Free-Italian-Sausage-Vegetables-Pizza-11-55-Oz-Frozen/638364431","canAddToCart":true,"showOptions":false,"description":"Our Italian Sausage \u0026 Vegetables Pizza pairs our delicious crust thats made with real cauliflower with melt-in-your-mouth mozzarella, red bell peppers, red onions, and zesty Italian sausage with","flag":"","fulfillmentBadges":["Pickup","Delivery"],"fulfillmentIcon":{"key":"SAVE_WITH_W_PLUS","label":"Save with"},"fulfillmentBadge":"Today","fulfillmentSpeed":["TODAY"],"fulfillmentType":"STORE","id":"5SBWRJVSTXYA","usItemId":"638364431","image":"https://i5.walmartimages.com/asr/859c32cc-2019-4310-bbee-f82af17b242a.1567de408130cbd8ee89265a8e8af69c.jpeg?odnHeight=180\u0026odnWidth=180\u0026odnBg=ffffff","isOutOfStock":false,"esrb":"","mediaRating":"","name":"CAULIPOWER Gluten-Free Italian Sausage \u0026 Vegetables Pizza, 11.55 Oz (Frozen)","price":6.48,"preOrder":{"isPreOrder":false,"preOrderMessage":null,"preOrderStreetDateMessage":null},"priceInfo":{"itemPrice":"","linePrice":"$6.48","wasPrice":"","unitPrice":"56.1 ¢/oz","shipPrice":"","minPriceForVariant":"","subscriptionPrice":"","subscriptionString":"","priceDisplayCondition":"","finalCostByWeight":false,"submapType":""},"rating":{"averageRating":0,"numberOfReviews":0},"salesUnit":"EACH","variantList":[],"isVariantTypeSwatch":false,"brand":null,"manufacturerName":null,"offerId":"D3D60339F99642B58752958C73B286D5","fitmentLabel":"","isAtfMarker":false,"sellerId":"F55CDC31AB754BB68FE0B39041159D63","sellerName":"Walmart.com","hasSellerBadge":null,"seller":{"name":"Walmart.com","sellerId":"F55CDC31AB754BB68FE0B39041159D63"},"sponsoredProduct":{"spQs":"8Wuzqy2qFOtr7GanUnQmAd2cy-YaNQ6NtCopAz03-lKLrMvFsm9jgYSMfkH5OifC9MhESOFOtneKn7UGn3DRG60lESw8esDjDSxzm8yvTJs","clickBeacon":"https://wrd.walmart.com/track?tax=976759_976791_5774679_3790397\u0026pltfm=desktop\u0026pt=search\u0026mloc=sp-search-middle\u0026storeId=999\u0026adUid=lfiG0-HFbfUzxMedZBajwBkCu-MFJMGOQeL5\u0026bt=__bt__\u0026pgId=pizza\u0026pos=__pos__\u0026spQs=8Wuzqy2qFOtr7GanUnQmAd2cy-YaNQ6NtCopAz03-lKLrMvFsm9jgYSMfkH5OifC9MhESOFOtneKn7UGn3DRG60lESw8esDjDSxzm8yvTJs\u0026eventST=__eventST__\u0026plmt=__plmt__\u0026rdf=0","spTags":null}},{"__typename":"Product","availabilityStatusDisplayValue":"In stock","productLocationDisplayValue":null,"externalInfoUrl":"","canonicalUrl":"/ip/CAULIPOWER-Veggie-Stone-fired-Cauliflower-Crust-Pizza-10-9-oz/722464215","canAddToCart":true,"showOptions":false,"description":"Our Veggie Pizza combines our delicious crust thats made with real cauliflower with ripe green, red, and yellow peppers, melty mozzarella cheese, and a zesty tomato sauce. Its tasty, crispy, WHOA!","flag":"","fulfillmentBadges":["Pickup","Delivery"],"fulfillmentIcon":{"key":"SAVE_WITH_W_PLUS","label":"Save with"},"fulfillmentBadge":"Today","fulfillmentSpeed":["TODAY"],"fulfillmentType":"STORE","id":"4ZB7XB99X4M0","usItemId":"722464215","image":"https://i5.walmartimages.com/asr/9efd9933-cb74-4294-876f-6b48285d3433.68358aae931d283623c0b097a6060189.jpeg?odnHeight=180\u0026odnWidth=180\u0026odnBg=ffffff","isOutOfStock":false,"esrb":"","mediaRating":"","name":"CAULIPOWER Veggie Stone-fired Cauliflower Crust Pizza, 10.9 oz","price":6.48,"preOrder":{"isPreOrder":false,"preOrderMessage":null,"preOrderStreetDateMessage":null},"priceInfo":{"itemPrice":"","linePrice":"$6.48","wasPrice":"","unitPrice":"55.9 ¢/oz","shipPrice":"","minPriceForVariant":"","subscriptionPrice":"","subscriptionString":"","priceDisplayCondition":"","finalCostByWeight":false,"submapType":""},"rating":{"averageRating":0,"numberOfReviews":0},"salesUnit":"EACH","variantList":[],"isVariantTypeSwatch":false,"brand":null,"manufacturerName":null,"offerId":"4AD0AC5FC3CB4CA6874619AF4A576A5D","fitmentLabel":"","isAtfMarker":false,"sellerId":"F55CDC31AB754BB68FE0B39041159D63","sellerName":"Walmart.com","hasSellerBadge":null,"seller":{"name":"Walmart.com","sellerId":"F55CDC31AB754BB68FE0B39041159D63"},"sponsoredProduct":{"spQs":"tRGkFiotgh3V-bwqXMU0PN2cy-YaNQ6NtCopAz03-lIdEbsRMBAqYTm2AXpj9bRV9MhESOFOtneKn7UGn3DRG60lESw8esDjDSxzm8yvTJs","clickBeacon":"https://wrd.walmart.com/track?tax=976759_976791_5774679_3790397\u0026pltfm=desktop\u0026pt=search\u0026mloc=sp-search-middle\u0026storeId=999\u0026adUid=lfiG0-HFbfUzxMedZBajwBkCu-MFJMGOQeL5\u0026bt=__bt__\u0026pgId=pizza\u0026pos=__pos__\u0026spQs=tRGkFiotgh3V-bwqXMU0PN2cy-YaNQ6NtCopAz03-lIdEbsRMBAqYTm2AXpj9bRV9MhESOFOtneKn7UGn3DRG60lESw8esDjDSxzm8yvTJs\u0026eventST=__eventST__\u0026plmt=__plmt__\u0026rdf=0","spTags":null}},{"__typename":"Product","availabilityStatusDisplayValue":"In stock","productLocationDisplayValue":null,"externalInfoUrl":"","canonicalUrl":"/ip/DiGiorno-Original-Thin-Crust-Four-Meat-Frozen-Pizza-23-4-oz/10293047","canAddToCart":true,"showOptions":false,"description":"\u003cli\u003eGood source of calcium\u003c/li\u003e\u003cli\u003eReal mozzarella cheese\u003c/li\u003e\u003cli\u003eIt's not delivery. It's DiGiorno.\u003c/li\u003e","flag":"","fulfillmentBadges":["Pickup","Delivery"],"fulfillmentIcon":{"key":"SAVE_WITH_W_PLUS","label":"Save with"},"fulfillmentBadge":"Today","fulfillmentSpeed":["TODAY"],"fulfillmentType":"STORE","id":"4QW36D7L4JK8","usItemId":"10293047","image":"https://i5.walmartimages.com/asr/473c7408-2285-468a-809e-4655ba18f3b5.08504ce947d2599498efeb3fc617e3b0.jpeg?odnHeight=180\u0026odnWidth=180\u0026odnBg=ffffff","isOutOfStock":false,"esrb":"","mediaRating":"","name":"DiGiorno Original Thin Crust Four Meat Frozen Pizza, 23.4 oz.","price":5.27,"preOrder":{"isPreOrder":false,"preOrderMessage":null,"preOrderStreetDateMessage":null},"priceInfo":{"itemPrice":"","linePrice":"$5.27","wasPrice":"","unitPrice":"22.5 ¢/oz","shipPrice":"","minPriceForVariant":"","subscriptionPrice":"","subscriptionString":"","priceDisplayCondition":"","finalCostByWeight":false,"submapType":""},"rating":{"averageRating":0,"numberOfReviews":0},"salesUnit":"EACH","variantList":[],"isVariantTypeSwatch":false,"brand":null,"manufacturerName":null,"offerId":"F8E2CDF8196844F29E4F4C0284789637","fitmentLabel":"","isAtfMarker":false,"sellerId":"F55CDC31AB754BB68FE0B39041159D63","sellerName":"Walmart.com","hasSellerBadge":null,"seller":{"name":"Walmart.com","sellerId":"F55CDC31AB754BB68FE0B39041159D63"},"sponsoredProduct":null},{"__typename":"Product","availabilityStatusDisplayValue":"In stock","productLocationDisplayValue":null,"externalInfoUrl":"","canonicalUrl":"/ip/Red-Baron-Pizza-Thin-Crispy-Pepperoni-15-77-oz/10292867","canAddToCart":true,"showOptions":false,"description":"\u003cli\u003eRed Baron Thin \u0026 Crispy Crust Pepperoni Pizza is made with zesty tomato sauce and 100% real cheese, all topped with delicious pepperoni\u003c/li\u003e\u003cli\u003eThin and crispy crust is made of crispy, airy,\u003c/li\u003e","flag":"","fulfillmentBadges":["Pickup","Delivery"],"fulfillmentIcon":{"key":"SAVE_WITH_W_PLUS","label":"Save with"},"fulfillmentBadge":"Today","fulfillmentSpeed":["TODAY"],"fulfillmentType":"STORE","id":"5JJU8EZXXK7G","usItemId":"10292867","image":"https://i5.walmartimages.com/asr/e0094ac4-73a7-485e-aa30-f6df906c66e1_1.11f873acb2f04ea45224d5b6adb60943.jpeg?odnHeight=180\u0026odnWidth=180\u0026odnBg=ffffff","isOutOfStock":false,"esrb":"","mediaRating":"","name":"Red Baron Pizza, Thin \u0026 Crispy Pepperoni, 15.77 oz","price":3.98,"preOrder":{"isPreOrder":false,"preOrderMessage":null,"preOrderStreetDateMessage":null},"priceInfo":{"itemPrice":"","linePrice":"$3.98","wasPrice":"","unitPrice":"25.2 ¢/oz","shipPrice":"","minPriceForVariant":"","subscriptionPrice":"","subscriptionString":"","priceDisplayCondition":"","finalCostByWeight":false,"submapType":""},"rating":{"averageRating":0,"numberOfReviews":0},"salesUnit":"EACH","variantList":[],"isVariantTypeSwatch":false,"brand":null,"manufacturerName":null,"offerId":"4C98202C61F845C6B54F7B6A33886CAC","fitmentLabel":"","isAtfMarker":false,"sellerId":"F55CDC31AB754BB68FE0B39041159D63","sellerName":"Walmart.com","hasSellerBadge":null,"seller":{"name":"Walmart.com","sellerId":"F55CDC31AB754BB68FE0B39041159D63"},"sponsoredProduct":null},{"__typename":"Product","availabilityStatusDisplayValue":"In stock","productLocationDisplayValue":null,"externalInfoUrl":"","canonicalUrl":"/ip/Sam-s-Choice-Frozen-Thin-Crust-Bacon-Lovers-Pizza/911472441","canAddToCart":true,"showOptions":false,"description":"\u003cli\u003eDouble bacon, creamy cheese sauce, whole milk mozzarella, chopped strips of smoked bacon and crumbled bacon on a thin crust\u003c/li\u003e\u003cli\u003eUSDA inspected\u003c/li\u003e\u003cli\u003e17 grams of protein per serving\u003c/li\u003e","flag":"","fulfillmentBadges":["Pickup","Delivery"],"fulfillmentIcon":{"key":"SAVE_WITH_W_PLUS","label":"Save with"},"fulfillmentBadge":"Today","fulfillmentSpeed":["TODAY"],"fulfillmentType":"STORE","id":"6LSM490QB32F","usItemId":"911472441","image":"https://i5.walmartimages.com/asr/7fff36aa-0cec-472d-9e49-89c5f27887e2_3.05b08e43f76c6a3f1deaf5db8ba3812f.jpeg?odnHeight=180\u0026odnWidth=180\u0026odnBg=ffffff","isOutOfStock":false,"esrb":"","mediaRating":"","name":"Sam's Choice Frozen Thin Crust Bacon Lovers Pizza","price":5,"preOrder":{"isPreOrder":false,"preOrderMessage":null,"preOrderStreetDateMessage":null},"priceInfo":{"itemPrice":"","linePrice":"$5.00","wasPrice":"","unitPrice":"29.8 ¢/oz","shipPrice":"","minPriceForVariant":"","subscriptionPrice":"","subscriptionString":"","priceDisplayCondition":"","finalCostByWeight":false,"submapType":""},"rating":{"averageRating":0,"numberOfReviews":0},"salesUnit":"EACH","variantList":[],"isVariantTypeSwatch":false,"brand":null,"manufacturerName":null,"offerId":"E1139FFD1619428699F4FC3CE34EE168","fitmentLabel":"","isAtfMarker":false,"sellerId":"F55CDC31AB754BB68FE0B39041159D63","sellerName":"Walmart.com","hasSellerBadge":null,"seller":{"name":"Walmart.com","sellerId":"F55CDC31AB754BB68FE0B39041159D63"},"sponsoredProduct":null},{"__typename":"Product","availabilityStatusDisplayValue":"In stock","productLocationDisplayValue":null,"externalInfoUrl":"","canonicalUrl":"/ip/Red-Baron-Deep-Dish-Singles-Supreme-Pizza-2-count-11-50-oz/414330907","canAddToCart":true,"showOptions":false,"description":"\u003cli\u003eRed Baron Deep Dish Singles Supreme Pizzas are made with zesty tomato sauce, 100% real cheese, and toppings of sausage, pepperoni, green and red peppers, and onions\u003c/li\u003e\u003cli\u003e2 Deep Dish Singles\u003c/li\u003e","flag":"","fulfillmentBadges":["Pickup","Delivery"],"fulfillmentIcon":{"key":"SAVE_WITH_W_PLUS","label":"Save with"},"fulfillmentBadge":"Today","fulfillmentSpeed":["TODAY"],"fulfillmentType":"STORE","id":"6PED833V75A7","usItemId":"414330907","image":"https://i5.walmartimages.com/asr/32315194-d398-4185-ad5b-0ff07668a1d7.f1ff9d9ba7dfa6f0df55c6254bf9c71e.jpeg?odnHeight=180\u0026odnWidth=180\u0026odnBg=ffffff","isOutOfStock":false,"esrb":"","mediaRating":"","name":"Red Baron Deep Dish Singles Supreme Pizza, 2 count, 11.50 oz","price":3.48,"preOrder":{"isPreOrder":false,"preOrderMessage":null,"preOrderStreetDateMessage":null},"priceInfo":{"itemPrice":"","linePrice":"$3.48","wasPrice":"","unitPrice":"30.3 ¢/oz","shipPrice":"","minPriceForVariant":"","subscriptionPrice":"","subscriptionString":"","priceDisplayCondition":"","finalCostByWeight":false,"submapType":""},"rating":{"averageRating":0,"numberOfReviews":0},"salesUnit":"EACH","variantList":[],"isVariantTypeSwatch":false,"brand":null,"manufacturerName":null,"offerId":"0C2F7E8159014D649E4C305D0CBB7373","fitmentLabel":"","isAtfMarker":false,"sellerId":"F55CDC31AB754BB68FE0B39041159D63","sellerName":"Walmart.com","hasSellerBadge":null,"seller":{"name":"Walmart.com","sellerId":"F55CDC31AB754BB68FE0B39041159D63"},"sponsoredProduct":null},{"__typename":"Product","availabilityStatusDisplayValue":"In stock","productLocationDisplayValue":null,"externalInfoUrl":"","canonicalUrl":"/ip/DIGIORNO-Pepperoni-Frozen-Pizza-on-a-Hand-Tossed-Style-Crust-18-7-oz/23740839","canAddToCart":true,"showOptions":false,"description":"\u003cli\u003eDIGIORNO Pepperoni Frozen Pizza on a Hand-Tossed Style Crust is created with a tasty pizza crust that offers a thin and crispy yet soft and airy on the inside. This cook and serve frozen thin\u003c/li\u003e","flag":"","fulfillmentBadges":["Pickup","Delivery"],"fulfillmentIcon":{"key":"SAVE_WITH_W_PLUS","label":"Save with"},"fulfillmentBadge":"Today","fulfillmentSpeed":["TODAY"],"fulfillmentType":"STORE","id":"3I7R1SKVMTLV","usItemId":"23740839","image":"https://i5.walmartimages.com/asr/c9f97d28-fa69-4e52-bb05-e136d132ed05.4e481640eebd34251ef78c3fd2a40079.jpeg?odnHeight=180\u0026odnWidth=180\u0026odnBg=ffffff","isOutOfStock":false,"esrb":"","mediaRating":"","name":"DIGIORNO Pepperoni Frozen Pizza on a Hand-Tossed Style Crust 18.7 oz.","price":5.87,"preOrder":{"isPreOrder":false,"preOrderMessage":null,"preOrderStreetDateMessage":null},"priceInfo":{"itemPrice":"","linePrice":"$5.87","wasPrice":"","unitPrice":"31.4 ¢/oz","shipPrice":"","minPriceForVariant":"","subscriptionPrice":"","subscriptionString":"","priceDisplayCondition":"","finalCostByWeight":false,"submapType":""},"rating":{"averageRating":0,"numberOfReviews":0},"salesUnit":"EACH","variantList":[],"isVariantTypeSwatch":false,"brand":null,"manufacturerName":null,"offerId":"FB5A6E5B9C6748EBA438429EC1870441","fitmentLabel":"","isAtfMarker":false,"sellerId":"F55CDC31AB754BB68FE0B39041159D63","sellerName":"Walmart.com","hasSellerBadge":null,"seller":{"name":"Walmart.com","sellerId":"F55CDC31AB754BB68FE0B39041159D63"},"sponsoredProduct":null},{"__typename":"Product","availabilityStatusDisplayValue":"In stock","productLocationDisplayValue":null,"externalInfoUrl":"","canonicalUrl":"/ip/Marketside-Biscuit-Crust-Savory-Breakfast-Pizza-Medium/302042625","canAddToCart":true,"showOptions":false,"description":"\u003cli\u003eDelicious breakfast pizza topped with scrambled eggs and cooked breakfast crumbles with a creamy, peppery gravy\u003c/li\u003e\u003cli\u003eTopped with a sprinkling of Monterey Jack cheese\u003c/li\u003e\u003cli\u003eDelicious biscuit\u003c/li\u003e","flag":"","fulfillmentBadges":["Pickup","Delivery"],"fulfillmentIcon":{"key":"SAVE_WITH_W_PLUS","label":"Save with"},"fulfillmentBadge":"Today","fulfillmentSpeed":["TODAY"],"fulfillmentType":"STORE","id":"7BQ14YRJU15N","usItemId":"302042625","image":"https://i5.walmartimages.com/asr/079d040e-8de4-4202-9557-74e783a8bb59_1.cfeeebe1adedb7631a8d57d1bc6239f8.jpeg?odnHeight=180\u0026odnWidth=180\u0026odnBg=ffffff","isOutOfStock":false,"esrb":"","mediaRating":"","name":"Marketside Biscuit-Crust Savory Breakfast Pizza, Medium","price":7,"preOrder":{"isPreOrder":false,"preOrderMessage":null,"preOrderStreetDateMessage":null},"priceInfo":{"itemPrice":"","linePrice":"$7.00","wasPrice":"","unitPrice":"18.3 ¢/oz","shipPrice":"","minPriceForVariant":"","subscriptionPrice":"","subscriptionString":"","priceDisplayCondition":"","finalCostByWeight":false,"submapType":""},"rating":{"averageRating":0,"numberOfReviews":0},"salesUnit":"EACH","variantList":[],"isVariantTypeSwatch":false,"brand":null,"manufacturerName":null,"offerId":"82556EEAE25D4C38B153D5BAC60ED483","fitmentLabel":"","isAtfMarker":false,"sellerId":"F55CDC31AB754BB68FE0B39041159D63","sellerName":"Walmart.com","hasSellerBadge":null,"seller":{"name":"Walmart.com","sellerId":"F55CDC31AB754BB68FE0B39041159D63"},"sponsoredProduct":null},{"__typename":"Product","availabilityStatusDisplayValue":"In stock","productLocationDisplayValue":null,"externalInfoUrl":"","canonicalUrl":"/ip/Totino-s-Party-Pizza-Triple-Cheese-9-8-oz-frozen/10813481","canAddToCart":true,"showOptions":false,"description":"\u003cli\u003eThe original crisp crust\u003c/li\u003e\u003cli\u003eNaturally flavored\u003c/li\u003e","flag":"","fulfillmentBadges":["Pickup","Delivery"],"fulfillmentIcon":{"key":"SAVE_WITH_W_PLUS","label":"Save with"},"fulfillmentBadge":"Today","fulfillmentSpeed":["TODAY"],"fulfillmentType":"STORE","id":"32T4CYK8TZQE","usItemId":"10813481","image":"https://i5.walmartimages.com/asr/1ab3136c-1920-491e-b768-bfa1b44f9df8.aa6df8758bc68f45f1bb1ec74f21e6bd.png?odnHeight=180\u0026odnWidth=180\u0026odnBg=ffffff","isOutOfStock":false,"esrb":"","mediaRating":"","name":"Totino's Party Pizza, Triple Cheese, 9.8 oz (frozen)","price":1.3,"preOrder":{"isPreOrder":false,"preOrderMessage":null,"preOrderStreetDateMessage":null},"priceInfo":{"itemPrice":"","linePrice":"$1.30","wasPrice":"","unitPrice":"13.3 ¢/oz","shipPrice":"","minPriceForVariant":"","subscriptionPrice":"","subscriptionString":"","priceDisplayCondition":"","finalCostByWeight":false,"submapType":""},"rating":{"averageRating":0,"numberOfReviews":0},"salesUnit":"EACH","variantList":[],"isVariantTypeSwatch":false,"brand":null,"manufacturerName":null,"offerId":"D4EF348BA1FD43A1B4345EA4A370D038","fitmentLabel":"","isAtfMarker":false,"sellerId":"F55CDC31AB754BB68FE0B39041159D63","sellerName":"Walmart.com","hasSellerBadge":null,"seller":{"name":"Walmart.com","sellerId":"F55CDC31AB754BB68FE0B39041159D63"},"sponsoredProduct":null},{"__typename":"Product","availabilityStatusDisplayValue":"Out of stock","productLocationDisplayValue":null,"externalInfoUrl":"","canonicalUrl":"/ip/DIGIORNO-Hawaiian-Style-Frozen-Pizza-on-a-Rising-Crust-28-5-oz/43922505","canAddToCart":false,"showOptions":false,"description":"\u003cli\u003eStep up your family dinners with DIGIORNO Hawaiian Style Frozen Pizza on a Rising Crust, created with toppings which include juicy pineapple and thick Canadian bacon. This frozen pizza is crafted\u003c/li\u003e","flag":"","fulfillmentBadges":[],"fulfillmentBadge":"","fulfillmentSpeed":[],"fulfillmentType":"STORE","id":"72FA7T5M7CF5","usItemId":"43922505","image":"https://i5.walmartimages.com/asr/6babe7f8-446a-49aa-80e9-362ce82b050a.997b3f0974b003ccf67fc2fc6bb07dbd.jpeg?odnHeight=180\u0026odnWidth=180\u0026odnBg=ffffff","isOutOfStock":true,"esrb":"","mediaRating":"","name":"DIGIORNO Hawaiian Style Frozen Pizza on a Rising Crust 28.5 oz.","price":4.48,"preOrder":{"isPreOrder":false,"preOrderMessage":null,"preOrderStreetDateMessage":null},"priceInfo":{"itemPrice":"$5.27","linePrice":"$4.48","wasPrice":"$5.27","unitPrice":"15.7 ¢/oz","shipPrice":"","minPriceForVariant":"","subscriptionPrice":"","subscriptionString":"","priceDisplayCondition":"","finalCostByWeight":false,"submapType":""},"rating":{"averageRating":0,"numberOfReviews":0},"salesUnit":"EACH","variantList":[],"isVariantTypeSwatch":false,"brand":null,"manufacturerName":null,"offerId":"F03EFA46CAF8490DBC0E488BD5C18292","fitmentLabel":"","isAtfMarker":false,"sellerId":"F55CDC31AB754BB68FE0B39041159D63","sellerName":"Walmart.com","hasSellerBadge":null,"seller":{"name":"Walmart.com","sellerId":"F55CDC31AB754BB68FE0B39041159D63"},"sponsoredProduct":null},{"__typename":"Product","availabilityStatusDisplayValue":"Out of stock","productLocationDisplayValue":null,"externalInfoUrl":"","canonicalUrl":"/ip/California-Pizza-Kitchen-Sicilian-Recipe-Frozen-Pizza-15-5-oz/34238259","canAddToCart":false,"showOptions":false,"description":"\u003cli\u003eEnjoy exceptional taste and purposeful ingredients with California Pizza Kitchen Sicilian Recipe Frozen Pizza with Crispy Thin Crust. This thin crust pizza features Italian sausage, spicy ham,\u003c/li\u003e","flag":"","fulfillmentBadges":[],"fulfillmentBadge":"","fulfillmentSpeed":[],"fulfillmentType":"STORE","id":"6VTSEWLG6WV5","usItemId":"34238259","image":"https://i5.walmartimages.com/asr/19594627-6cb0-4d7a-8518-1de5289fd8c5.e3c1f5b93463fe6609e6610e50787211.jpeg?odnHeight=180\u0026odnWidth=180\u0026odnBg=ffffff","isOutOfStock":true,"esrb":"","mediaRating":"","name":"California Pizza Kitchen Sicilian Recipe Frozen Pizza 15.5 oz.","price":5.22,"preOrder":{"isPreOrder":false,"preOrderMessage":null,"preOrderStreetDateMessage":null},"priceInfo":{"itemPrice":"$6.14","linePrice":"$5.22","wasPrice":"$6.14","unitPrice":"33.7 ¢/oz","shipPrice":"","minPriceForVariant":"","subscriptionPrice":"","subscriptionString":"","priceDisplayCondition":"","finalCostByWeight":false,"submapType":""},"rating":{"averageRating":0,"numberOfReviews":0},"salesUnit":"EACH","variantList":[],"isVariantTypeSwatch":false,"brand":null,"manufacturerName":null,"offerId":"5A5A62C7171D4CC98176549675C7CF34","fitmentLabel":"","isAtfMarker":false,"sellerId":"F55CDC31AB754BB68FE0B39041159D63","sellerName":"Walmart.com","hasSellerBadge":null,"seller":{"name":"Walmart.com","sellerId":"F55CDC31AB754BB68FE0B39041159D63"},"sponsoredProduct":null},{"__typename":"Product","availabilityStatusDisplayValue":"Out of stock","productLocationDisplayValue":null,"externalInfoUrl":"","canonicalUrl":"/ip/Freschetta-Naturally-Rising-Crust-Pepperoni-Pizza-27-35-oz/10292977","canAddToCart":false,"showOptions":false,"description":"\u003cli\u003ePepperoni, mozzarella and provolone cheeses\u003c/li\u003e\u003cli\u003eREAL Seal Certified\u003c/li\u003e\u003cli\u003ePreservative-free crust\u003c/li\u003e","flag":"","fulfillmentBadges":[],"fulfillmentBadge":"","fulfillmentSpeed":[],"fulfillmentType":"FC","id":"4RC1UVN4G26X","usItemId":"10292977","image":"https://i5.walmartimages.com/asr/f4401da9-b715-4e9b-a4d2-b155d0eaaba5_3.49c3b9f692eeba15725d7544817dcff3.jpeg?odnHeight=180\u0026odnWidth=180\u0026odnBg=ffffff","isOutOfStock":true,"esrb":"","mediaRating":"","name":"Freschetta Naturally Rising Crust Pepperoni Pizza, 27.35 oz","price":7.48,"preOrder":{"isPreOrder":false,"preOrderMessage":null,"preOrderStreetDateMessage":null},"priceInfo":{"itemPrice":"","linePrice":"$7.48","wasPrice":"","unitPrice":"$4.37/oz","shipPrice":"","minPriceForVariant":"","subscriptionPrice":"","subscriptionString":"","priceDisplayCondition":"","finalCostByWeight":false,"submapType":""},"rating":{"averageRating":0,"numberOfReviews":0},"salesUnit":"EACH","variantList":[],"isVariantTypeSwatch":false,"brand":null,"manufacturerName":null,"offerId":"B52FF52D5E2D4106A60151697D9E211D","fitmentLabel":"","isAtfMarker":false,"sellerId":"F55CDC31AB754BB68FE0B39041159D63","sellerName":"Walmart.com","hasSellerBadge":null,"seller":{"name":"Walmart.com","sellerId":"F55CDC31AB754BB68FE0B39041159D63"},"sponsoredProduct":null}],"layoutEnum":"GRID"}],"pageMetadata":{"title":"pizza","canonical":null,"description":null,"location":{"addressId":""}},"paginationV2":{"maxPage":5,"pageProperties":{"ps":"40","spelling":"true","stores":"999","grid":"true","query":"pizza","cat_id":"0","page":"2","sort":"best_match","displayGuidedNav":true,"affinityOverride":"store_led"}},"spelling":{"correctedTerm":null},"requestContext":{"isFitmentFilterQueryApplied":false,"searchMatchType":"{\"dept\":\"/976759/976791/5774679/3790397\",\"g\":\"S\",\"s\":\"b\",\"trf\":\"ht\",\"p\":1,\"as\":\"o|190339|3\",\"qcr\":\"ht\",\"eo\":\"N\",\"id\":\"lfiG0-HFbfUzxMedZBajwBkCu-MFJMGOQeL5\",\"css\":\"0|0|0|0\",\"cs\":false,\"ppABTest\":true}","categories":null},"errorResponse":{"correlationId":"KimfPr7oOd0ZDY4qCWSpfyXv2Xw6yBbYa9kz","source":"sis","errors":[]},"modules":null,"count":40,"gridItemsCount":40,"catInfo":{"catId":"/976759/976791/5774679/3790397","name":""}},"pageMetadata":{"location":{"postalCode":"78242","stateOrProvinceCode":"TX","city":"San Antonio","storeId":"999"},"pageContext":{"searchNormalize":{"normalized_query":"pizza","original_query":"pizza","rewritten_query":"pizza","specificity":"broad","top_query_cat_path":"/976759/976791/5774679/3790397","top_query_cat_path_name":"/Food/Frozen Foods/Frozen Pizza, Pasta, \u0026 Breads/Frozen Meat Pizzas","analytics_log":{"fe_log":{"tq":1,"dept":"/976759/976791/5774679/3790397","g":"S","s":"b","trf":"ht"}}}}}},"initialSearchQueryVariables":{"id":"","affinityOverride":"store_led","dealsId":"","query":"pizza","page":2,"prg":"desktop","catId":"","facet":"","sort":"best_match","rawFacet":"","seoPath":"","ps":40,"ptss":"","trsp":"","beShelfId":"","recall_set":"","module_search":"","min_price":"","max_price":"","storeSlotBooked":"","additionalQueryParams":null,"fitmentFieldParams":null,"fitmentSearchParams":{"id":"","affinityOverride":"store_led","dealsId":"","query":"pizza","page":2,"prg":"desktop","catId":"","facet":"","sort":"best_match","rawFacet":"","seoPath":"","ps":40,"ptss":"","trsp":"","beShelfId":"","recall_set":"","module_search":"","min_price":"","max_price":"","storeSlotBooked":"","additionalQueryParams":null,"cat_id":"","_be_shelf_id":""},"fetchMarquee":true,"fetchSkyline":true,"fetchSbaTop":true},"psych":{"isMobile":false,"isBot":false},"isomorphicSessionId":"gmSTOF2qLkyx-G4OZiQei","trace":{"traceId":"00000000000000000000000000000000","spanId":"0000000000000000","traceFlags":0},"isCaching":false,"queryContextCacheId":67,"bootstrapData":{"account":{"data":{"account":null}},"cart":null,"header":{"data":{"contentLayout":{"modules":[{"name":"Console GlobalAlertBar Module","type":"GlobalAlertBar","matchedTrigger":{"zone":"alertBar"},"configs":{"athenaEnabled":"False","alertBar":{"iconName":null,"text":"Console event to be rescheduled.","link":{"linkText":"Visit home","title":"Visit home","clickThrough":{"value":"/"},"uid":"bjP9kr_i"}}}}],"layouts":[]}},"headers":{}},"footer":{"data":{"location":{"status":true,"postalCode":"78242","nodeId":"999","errors":[],"shippingAddress":{"addressId":null,"addressLineOne":null,"addressLineTwo":null,"city":"San Antonio","stateOrProvinceCode":"TX","postalCode":"78242"},"pickupNode":{"nodeId":"999","displayName":"San Antonio Supercenter","addressLineOne":"7239 Sw Loop 410","city":"San Antonio","stateOrProvinceCode":"TX","postalCode":"78242"}},"contentLayout":{"modules":[{"name":"GlobalFooterLinks Module,","type":"GlobalFooterLinks","matchedTrigger":{"zone":"footerZone1"},"configs":{"subLinks":[{"link":{"linkText":"Privacy \u0026 Security","title":"Privacy \u0026 Security","clickThrough":{"type":"url","value":"https://corporate.walmart.com/privacy-security","rawValue":"https://corporate.walmart.com/privacy-security"},"uid":"v8SRLDKw"},"isSFLink":"False","openInNewTab":"True"},{"link":{"linkText":"CA Privacy Rights","title":"CA Privacy Rights","clickThrough":{"type":"url","value":"https://corporate.walmart.com/privacy-security/california-privacy-rights","rawValue":"https://corporate.walmart.com/privacy-security/california-privacy-rights"},"uid":"9Ni6sNcm"},"isSFLink":"True","openInNewTab":"True"},{"link":{"linkText":"Do Not Sell My Personal Information","title":"Do Not Sell My Personal Information","clickThrough":{"type":"url","value":"https://www.walmart.com/account/api/ccpa-intake?native=false\u0026app=gm\u0026type=sod","rawValue":"https://www.walmart.com/account/api/ccpa-intake?native=false\u0026app=gm\u0026type=sod"},"uid":"1EAiCJOO"},"isSFLink":"True","openInNewTab":"True"},{"link":{"linkText":"Request My Personal Information","title":"Request My Personal Information","clickThrough":{"type":"url","value":"https://www.walmart.com/account/api/ccpa-intake?native=false\u0026app=gm\u0026type=access","rawValue":"https://www.walmart.com/account/api/ccpa-intake?native=false\u0026app=gm\u0026type=access"},"uid":"vNAKHfwt"},"isSFLink":"True","openInNewTab":"True"},{"link":{"linkText":"Help","title":"Help","clickThrough":{"type":"url","value":"/help","rawValue":"/help"},"uid":"3Owhn3cK"},"isSFLink":"False","openInNewTab":"False"},{"link":{"linkText":"Terms of Use","title":"Terms of Use","clickThrough":{"type":"url","value":"/help/article/walmart-com-terms-of-use/3b75080af40340d6bbd596f116fae5a0","rawValue":"/help/article/walmart-com-terms-of-use/3b75080af40340d6bbd596f116fae5a0"},"uid":"0zMqEcVI"},"isSFLink":"False","openInNewTab":"False"},{"link":{"linkText":"All Departments","title":"All Departments","clickThrough":{"type":"url","value":"/all-departments","rawValue":"/all-departments"},"uid":"zuC8vwt4"},"isSFLink":"False","openInNewTab":"False"},{"link":{"linkText":"Store Directory","title":"Store Directory","clickThrough":{"type":"url","value":"/store/directory","rawValue":"/store/directory"},"uid":"H35X2opY"},"isSFLink":"False","openInNewTab":"False"}]}}],"layouts":[]}},"headers":{}},"cv":{"account":{"_all_":{"vuduLibraryUrl":"https://video.walmart.com/content/account/purchasehistory","registriesUrl":"/my-registries","enableGoogleAutoComplete":true,"enableMyItemsMenu":true,"enablePostalCodeMessage":false,"enableLocationAutoComplete":true,"eBookUrl":"https://www.walmart.com/account/redirect/kobo?page=library","enableAccountWallet":true,"isInHomeEnabled":true,"enableAccountMWeb":true,"walmartPlusUrl":"https://www.walmart.com/grocery/account/plus/overview","enablePostalCodeOnly":false,"listsUrl":"/lists","placeholder":1,"enableWalmartPlus":true,"communicationAndPrivacyUrl":"/account/communications-and-privacy","enableWalmartPlusPreference":true,"walmartAssociateUrl":"https://www.walmart.com/account/associate-discount","pharmacyUrl":"https://www.walmart.com/pharmacy/dashboard","enableFeatureCommsAndPrivacy":true,"protectionPlanUrl":"https://www.walmart.com/account/protectionplans","reorderUrl":"https://www.walmart.com/my-items","enableAvsOverride":true,"shouldUpdateCartAfterUpdateZipcode":true,"isFCShippingEnabled":true,"enableInHomeAddress":true,"itemSubscriptionUrl":"https://www.walmart.com/m/deals/subscriptions/manage","enableItemSubscription":true}},"cart":{"_all_":{"enableOmniPromise":true,"enableWirelessPostpaid":true,"enableCapOne":true,"sflCountPerPagination":20,"enableFulfillmentHeadersV2":true,"enablePartialCheckout":true,"enableItemSwitchableBadge":true,"enableInHomeDelivery":true,"enableLastCall":true,"enableATCOptimization":true,"enablePAC":true,"enableGXOSignInNudge":true,"enableSigninBenefits":true,"enableCapOneRewards":true,"enableWplusFulfillmentBanner":true,"enableGuestCheckout":true,"enablePartialSwitchModuleLevel":true,"initialSFLCount":10,"enableAffirm":true,"enableItemNotSwitchableBadge":true,"enableEbt":true,"enableWplus":true,"enableSFL":true,"enableCXOPrefetch":true,"enableItemSwitchableTempBadge":false,"enableRegistry":true,"enableStoreSnackBarMessage":false,"enableShippingIntent":true,"enableItemUpdates":true,"enableWalmartPlusIntegratedSignUp":false,"enableOOSHotFix":true,"enableCallouts":true,"enableCarePlansAndHomeServices":true}},"bookslot":{"_all_":{"hideStoreChooserDefaultAlert":true,"enableWirelessPostpaid":true,"walmartPlusFreeDelivery":true,"tempoCacheExpirationInSeconds":300,"enableWalmartPlusIntegratedSignUp":true,"hidePickupSlotPrice":true,"alcoholRestrictedSlotsFilterEnable":true,"enableBlockRegistrantAddressDelivery":true,"enableFulfillmentIntent":true,"enableInHomeSlotsQueryHeader":true,"mergeSlotsEnable":true,"enablePickupOnShippingIntent":true,"enableWalmartPlus":true,"nodeSelectableOnlineEnable":true,"enableStoreHours":true}},"header":{"_all_":{"isAlertBarEnabled":false,"showOptOut":true,"showAddressLineOne":true,"calloutViewsPerIdPerBSTC":1,"calloutViewsPerIdPerVTC":2,"maxCalloutsPerBSTC":4,"calloutsEnabled":true}},"pulse":{"_all_":{"enableV1Schema":true,"enableQuantumMetric":true,"alwaysAllowedTagList":"","logLevel":"info"}},"footer":{"_all_":{"enableXOFeedback":true,"hideGiveFeedbackSection":true}},"shared":{"_all_":{"legacySiteNGRedirectEnabled":false,"legacySiteInhomeRedirectEnabled":false,"helpLinkReturnRefunds":"https://www.walmart.com/help/channel/returns-and-refunds/5a33a1f61af8479e9d1bd8b727e9e761","legacySiteDirectspendingRedirectEnabled":false,"legacySiteEbtRedirectEnabled":false,"enableWaitingHallway":true,"disableGetCartSSR":true,"helpLinkStorePurchase":"https://www.walmart.com/help/article/view-store-purchases/f56a1afbf3b5428bb69f0124daa49108","beaconWithQuantumMetrics":true,"helpLinkMobileAlertsTerms":"https://www.walmart.com/help/article/mobile-alerts-terms-of-use/499122d9bba94d08b50e8facf42fcc82","bookSlotPersistentFilterEnable":false,"helpLinkMPReturnPolicy":"https://www.walmart.com/help/article/walmart-marketplace-return-policy/63c3566a9d3546858582acae2fbfdb7e","helpLinkTermsOfUse":"https://www.walmart.com/help/article/walmart-com-terms-of-use/3b75080af40340d6bbd596f116fae5a0"}},"ads":{"_all_":{"spMq2Measure3PEnable":true,"spMq2Measure1PEnable":true,"ipMq1RenderEnable":true,"ipSkReqEnable":true,"bpMq2Measure1PEnable":true,"measure3PImpEnable":true,"cacheBusterTimeDiffMs":180000,"bpSkReqEnable":true,"bpMq2ReqEnable":true,"spMq1RenderEnable":true,"bpSkMeasure1PEnable":true,"bpSkMeasure3PEnable":true,"spMq2RenderEnable":true,"ipSpc2Measure1PEnable":true,"hpMq1Measure1PEnable":true,"hpMq1Measure3PEnable":true,"spSkRenderEnable":true,"bpSpc1ReqEnable":true,"bpMq1ReqEnable":true,"displayCheckIp":true,"bpMq1RenderEnable":true,"hpMq2RenderEnable":true,"moatIvt":"https://www.walmart.com/swag/v2/ip-rd","bpMq2RenderEnable":true,"hpMq1RenderEnable":true,"ipSpc2ReqEnable":true,"spSkMeasure1PEnable":true,"spSkMeasure3PEnable":true,"bpSpc1Measure1PEnable":true,"spMq1Measure1PEnable":true,"hpP3NMeasure1PEnable":true,"ipSkMeasure1PEnable":true,"spMq1Measure3PEnable":true,"bpMq1Measure1PEnable":true,"ipSpc1ReqEnable":true,"spMq2ReqEnable":true,"bpSkRenderEnable":true,"ipMq1Measure3PEnable":true,"ipMq1Measure1PEnable":true,"spSkReqEnable":true,"safeframeURL":"https://i5.walmartimages.com/dfw/63fd9f59-d6ba/07b8ea82-184c-4ea3-8ac0-5dc1981e40c8/v33/safeframe.html","hpMq1ReqEnable":true,"bpMq1Measure3PEnable":true,"ipSpc1Measure1PEnable":true,"bpBigMeasure1PEnable":true,"ipSkMeasure3PEnable":true,"ipMq1ReqEnable":true,"ipMq2Measure1PEnable":true,"ipMq2Measure3PEnable":true,"hpMq2Measure3PEnable":true,"hpMq2Measure1PEnable":true,"spMq1ReqEnable":true,"spSpc1ReqEnable":true,"ipP3NMeasure1PEnable":true,"bpMq2Measure3PEnable":true,"blockInternal":true,"ipSkRenderEnable":true,"hpMq2ReqEnable":true,"ipMq2ReqEnable":true,"spSpc1Measure1PEnable":true,"ipMq2RenderEnable":true,"adResponseBeaconEnable":true,"displayAddlInfo":false,"displaySbaLogospQs":false,"displayPreviousRenderCheck":false}},"search":{"_all_":{"searchPersistentFilterEnable":false,"enableFulfillmentMethodDemo":true,"enableExternalInfoUrl":true,"clientFetchTimeoutMs":15000,"fetchTimeoutMs":7000,"fetchItemsV2Enable":true,"postProcessedQueryEnable":true,"imageSizeEnum":"3","seoModulesEnable":true,"partialRenderEnable":true,"fitmentModulesEnable":true,"bannerModulesEnable":true}}}},"enableGqlCsrRedirect":true,"nonce":"iP5_-qTf08k71pht"}},"page":"/search","query":{"q":"pizza","page":"2","affinityOverride":"store_led"},"buildId":"production_20211006T193458787Z","assetPrefix":"https://i5.walmartimages.com/dfw/63fd9f59-7f10/f39d4daf-be64-4c7a-b470-b7275856c4da/v2","runtimeConfig":{"appVersion":"main-110-79cb6e","appSha":"79cb6ee2d0ac37eb0a9a8100e45f28acfeeaf177","profile":"production","tmxOrgId":"hgy2n0ks","dataCenter":"eus2","tenant":"WM_GLASS","queryContext":{"appVersion":"main-110-79cb6e","isPerimeterXTest":false,"gql":{"endpointsByName":{"cecxo":"/orchestra/cartxo/graphql","cecph":"/orchestra/cph/graphql","ceorders":"/orchestra/orders/graphql","cegateway":"/orchestra/home/graphql"}},"rest":{"endpointsByName":{"ceaccount":"/orchestra/api/account","ceidentity":"/orchestra/account/electrode/api/identity","cereturns":"/orchestra/api/returns","cehelp":"/orchestra/help/api","typeahead":"/typeahead/v3/complete","espvalidation":"/esp/prepaid/v1/plans","warppaymentoptions":"/orchestra/api/online/variantbasic/item","ceccm":"/orchestra/api/ccm/v1/bootstrap","cewireless":"/orchestra/api/wireless","cewarp":"/orchestra/api/warp"}}},"isDev":false,"enableLatencyTrace":true,"enablePersistedQueries":false,"mockURL":"http://mock-backend.dev.walmart.com/","mock":true,"moatIvt":"https://i5.walmartimages.com/dfw/4ff9c6c9-2dd1/k2-_8b2f2d93-4e1f-454a-95b1-a9b26af853b2.v1.js","endpointMappings":{"operations":{"query configuration":"cegateway","query ContentPage":"cegateway","query checkItemCartEligibility":"cecxo","mutation MergeAndGetCart":"cecxo","query getGuestOrder":"cegateway","query PurchaseHistory":"cecph","mutation NotifyCapOneBannerSnooze":"cegateway","mutation CancelOrder":"cecph","query LastCallPage":"cegateway","query GetCommPreference":"cegateway","query PurchasedProtectionPlans":"cecph","query ProtectionPlanDetail":"cecph"},"queryStrings":{"step=cart":"cecxo","step=bookslot":"cecxo","entitytype=*":"ceorders","state=*":"ceorders","source=*":"ceorders"},"pages":{"*":"cegateway","/":"cegateway","/404":"cegateway","/account/*":"cegateway","/all-departments":"cegateway","/browse/*":"cegateway","/c/[...seo]":"cegateway","/ci-control":"cegateway","/cp/[...categoryParams]":"cegateway","/content/[...categoryParams]":"cegateway","/help/*":"cegateway","/ip/[...itemParams]":"cegateway","/lists/*":"cegateway","/my-items":"cegateway","/my-registries":"cegateway","/shop/*":"cegateway","/shop/[...seo]":"cegateway","/nonprofits/*":"cegateway","/orders/*":"ceorders","/partner/plus/[promoId]/*":"cegateway","/plus/*":"cegateway","/product/[...itemParams]":"cegateway","/registry/*":"cegateway","/reviews/*":"cegateway","/search/*":"cegateway","/seller/*":"cegateway","/services":"cegateway","/thankyou":"cecxo","/topic/[...seo]":"cegateway","/tp/*":"cegateway","/update-payment-method-form":"cegateway","/update-payment-method":"cegateway","/wallet/associate-discount":"cegateway"}},"googleMaps":{"checkAddressAPIKey":"AIzaSyCX5gh3yoq4316wUDxRpljFOwWA6_-BEMg","addressAPIKey":"AIzaSyBIAnB1a3UejjFVRNtszhaEE8yrKySRTEo","geoCodingAPIKey":"AIzaSyBvv63fBVZ1RtNJLGkN9XCFE1WfVl0o1HY"},"perimeterX":{"enable":true,"initScript":"https://www.walmart.com/px/PXu6b0qd2S/init.js"},"pulseBeacon":{"enable":true,"hostname":"i5.walmartimages.com","bd":"beacon.walmart.com","bh":"beacon.lightestwithqm.walmart.com","hostWithQM":"beacon.lightestwithqm.walmart.com","hostWithoutQM":"beacon.lightest.walmart.com"},"threatMetrix":{"enable":true},"paymentsPageUrl":"https://wallet.walmart.com/payments?wv=main"},"isFallback":false,"dynamicIds":[20114,51923,20513,18350,71484,7965,69467,86107],"customServer":true,"gip":true,"appGip":true,"locale":"en","locales":["en"],"defaultLocale":"en","scriptLoader":[]}</script><script src="//i5.walmartimages.com/a14/cdn-doms-usgm.js" nonce="iP5_-qTf08k71pht"></script><script async="async" defer="defer" src="//i5.walmartimages.com/a14/cdn-perf.min.js" nonce="iP5_-qTf08k71pht"></script><script nonce="iP5_-qTf08k71pht">window.SW_DOMAIN = "walmart.com"</script><script nonce="iP5_-qTf08k71pht">(function(e){var t=e.document;BOOMR=e.BOOMR||{};BOOMR.plugins=BOOMR.plugins||{};var n={localStorageTestKey:"TorbitLSTest",pageTags:[],pageConversions:[],initHasRun:false};BOOMR.plugins.pageMeta={init:function(r){initHasRun=true;try{localStorage.setItem(n.localStorageTestKey,n.localStorageTestKey);localStorage.removeItem(n.localStorageTestKey);BOOMR.addVar("ls",1)}catch(i){BOOMR.addVar("ls",0)}if(e.location.protocol=="https:")BOOMR.addVar("prt",1);else BOOMR.addVar("prt",0);BOOMR.addVar("ref",t.referrer);if(e.performance&&e.performance.memory){for(m_name in e.performance.memory){if(e.performance.memory.hasOwnProperty(m_name)){BOOMR.addVar(m_name,e.performance.memory[m_name])}}}BOOMR.addVar("wH",e.innerHeight||t.body.clientHeight||t.documentElement.clientHeight);BOOMR.addVar("tags",n.pageTags.join("|"));return this},addTag:function(e){n.pageTags.push(e);if(!n.initHasRun){return}BOOMR.addVar("tags",n.pageTags.join("|"))},addConversion:function(e,t){var r=e;if(t&&(t>0||t.length>0))r=e+"="+t;n.pageConversions.push(r);BOOMR.addVar("conversion",n.pageConversions.join("|"))},is_complete:function(){return true}}})(window);(function(e){try{e._tbq=e._tbq||[];_tbq.push=function(e){if(e.length<1||!e[0])return;switch(e[0]){case"tag":if(e.length<2)return;BOOMR.plugins.pageMeta.addTag(e[1]);break;case"startTimer":if(e.length<2)return;BOOMR.plugins.customEvents.startTimer(e[1]);break;case"endTimer":if(e.length<2)return;BOOMR.plugins.customEvents.endTimer(e[1]);break}};for(i in _tbq){if(_tbq.hasOwnProperty(i)&&i!="push"){_tbq.push(_tbq[i]);delete _tbq[i]}}}catch(t){}})(window);</script><script nonce="iP5_-qTf08k71pht">    window.globalPluginDefinitions = window.globalPluginDefinitions || [];
  </script><script nonce="iP5_-qTf08k71pht">    window.globalWorkerMessages = window.globalWorkerMessages || [];
  </script><script nonce="iP5_-qTf08k71pht">    window.globalPluginDefinitions.push('https://www.walmart.com/sw-plugins/eperf-optimized-assets-original-url.8b53f51b.js');
  </script><script nonce="iP5_-qTf08k71pht">    window.globalWorkerMessages.push({
      command: 'SET_PLUGIN_FILTER',
      data: {
        name: 'eperf-optimized-assets-original-url',
        filter: {
      type: "url-host",
      value: "i5.walmartimages.com"
    }      }
    });
  </script><script nonce="iP5_-qTf08k71pht">    window.globalWorkerMessages.push({
      command: 'SET_PLUGIN_STATE',
      data:{
        name:'eperf-optimized-assets-original-url',
        state:'ENABLED'
      }
    });
  </script><script nonce="iP5_-qTf08k71pht">window.globalPluginDefinitions = window.globalPluginDefinitions || [];window.globalWorkerMessages = window.globalWorkerMessages || [];window.globalPluginDefinitions.push('https://www.walmart.com/sw-plugins/eperf-optimized-assets-metric.6524ad95.js');window.globalWorkerMessages.push({command: 'SET_PLUGIN_FILTER',data: {name: 'eperf-optimized-assets-metric',filter: {type: "and",value: [{type: "or",value: ["i5.walmartimages.com", "i5.wal.co"].map(function(host) {return { type: "url-host", value: host };})},{ type: "sample", value: 0.01 }]}}});window.globalWorkerMessages.push({command: 'SET_PLUGIN_STATE',data:{name:'eperf-optimized-assets-metric',state:'ENABLED',filter: undefined}});window.globalPluginDefinitions.push('https://www.walmart.com/sw-plugins/eperf-optimization-metrics.a586fd7d.js');window.globalWorkerMessages.push({command: 'SET_PLUGIN_FILTER',data: {name: 'eperf-optimization-metrics',filter: {type: "and",value: [{ type: "url-host", value: "i5.walmartimages.com" },{ type: "sample", value: 0.01 }]}}});window.globalWorkerMessages.push({command: 'SET_PLUGIN_STATE',data:{name:'eperf-optimization-metrics',state:'ENABLED',filter: undefined}});window.globalPluginDefinitions.push('https://www.walmart.com/sw-plugins/ecdn-cdn-perf.6524ad95.js');window.globalWorkerMessages.push({command: 'SET_PLUGIN_FILTER',data: {name: 'ecdn-cdn-perf',filter: {type: "and",value: [{ type: "url-host", value: "i5.walmartimages.com" },{ type: "sample", value: 0.01 }]}}});window.globalWorkerMessages.push({command: 'SET_PLUGIN_STATE',data:{name:'ecdn-cdn-perf',state:'ENABLED',filter: undefined}});window.globalPluginDefinitions.push('https://www.walmart.com/sw-plugins/ecdn-cache-status.fe7aa234.js');window.globalWorkerMessages.push({command: 'SET_PLUGIN_FILTER',data: {name: 'ecdn-cache-status',filter: {type: "and",value: [{ type: "url-host", value: "i5.walmartimages.com" },{ type: "sample", value: 0.01 }]}}});window.globalWorkerMessages.push({command: 'SET_PLUGIN_STATE',data:{name:'ecdn-cache-status',state:'ENABLED',filter: undefined}});window.globalPluginDefinitions.push('https://www.walmart.com/sw-plugins/grocery-pwa.5725d7c8.js');window.globalWorkerMessages.push({command: 'SET_PLUGIN_STATE',data:{name:'grocery-pwa',state:'ENABLED',filter: {type: "url-path",value: new RegExp("^/grocery")}}});</script><script nonce="iP5_-qTf08k71pht">window.globalPluginDefinitions.push('https://www.walmart.com/sw-plugins/latency-tracker.ff42f3d6.js');window.globalWorkerMessages.push({command: 'SET_PLUGIN_FILTER',data: {name: 'latency-tracker',filter: {type: "and",value: [{ type: "url-host", value: "www.walmart.com" },{type: "or",value: [{type: "and",value: [{ type: "method", value: "GET" },{ type: "sample", value: 0.05 }]},{type: "and",value: [{ type: "method", value: "POST" },{ type: "url-path", value: new RegExp("^/orchestra") }]}]}]}}});window.globalWorkerMessages.push({command: 'SET_PLUGIN_STATE',data:{name:'latency-tracker',state:'ENABLED',filter: undefined}});</script><script nonce="iP5_-qTf08k71pht">window.globalWorkerMessages = window.globalWorkerMessages || [];var patch = {environment: "prod",publish_sampling_rate: 0.01,navigation_preload: "enabled",status_check_url: "https://t3.wal.co/sw/status",status_check_interval_ms: 300000,min_required_memory_gb: 8};window.SERVICE_WORKER_CONFIGURATION = !!window.SERVICE_WORKER_CONFIGURATION? Object.assign(window.SERVICE_WORKER_CONFIGURATION, patch): patch;window.globalWorkerMessages.push({command: 'SET_GLOBAL_FILTER',data: {filter: {type: "or",value: [{ type: "url-host", value: "i5.walmartimages.com" },{ type: "url-host", value: "i5.wal.co" },{ type: "url-host", value: "www.walmart.com" },{type: "and",value: [{ type: "referrer-path", value: new RegExp("^/grocery") },{ type: "url-path", value: new RegExp("^/grocery") }]}]}}});</script><script async="async" defer="defer" src="/sw-register.js" nonce="iP5_-qTf08k71pht"></script><script nonce="iP5_-qTf08k71pht">window._pxAppId = 'PXu6b0qd2S'</script><script async="async" defer="defer" src="/px/PXu6b0qd2S/init.js" nonce="iP5_-qTf08k71pht"></script></body></html>