<!DOCTYPE html><html lang="en"><head nonce="85BURRrNrX9FBnc9"><link href="//dis.criteo.com" rel="dns-prefetch"/><link href="//ib.adnxs.com" rel="dns-prefetch"/><link href="//secure-assets.rubiconproject.com" rel="dns-prefetch"/><link href="//beam.hlserve.com" rel="dns-prefetch"/><link href="//pubads.g.doubleclick.net" rel="dns-prefetch"/><link href="//omniture-ssl.walmart.com" rel="dns-prefetch"/><link href="//omniture.walmart.com" rel="dns-prefetch"/><link href="//p.typekit.net" rel="dns-prefetch"/><link href="//pagead2.googlesyndication.com" rel="dns-prefetch"/><link href="//partner.googleadservices.com" rel="dns-prefetch"/><link href="//tpc.googlesyndication.com" rel="dns-prefetch"/><link href="//beacon.walmart.com" rel="dns-prefetch"/><link href="//b.wal.co" rel="dns-prefetch"/><link href="//i5.walmartimages.com" rel="dns-prefetch"/><meta name="viewport" content="width=device-width"/><meta charset="utf-8"/><meta property="fb:app_id" content="105223049547814"/><link rel="preload" crossorigin="anonymous" href="https://i5.walmartimages.com/dfw/63fd9f59-a78c/fcfae9b6-2f69-4f89-beed-f0eeb4237946/v1/BogleWeb_subset-Bold.woff2" as="font" type="font/woff2"/><link rel="preload" crossorigin="anonymous" href="https://i5.walmartimages.com/dfw/63fd9f59-a78c/fcfae9b6-2f69-4f89-beed-f0eeb4237946/v1/BogleWeb_subset-Regular.woff2" as="font" type="font/woff2"/><script defer="" src="https://www.walmart.com/px/PXu6b0qd2S/init.js" nonce="85BURRrNrX9FBnc9"></script><script nonce="85BURRrNrX9FBnc9">var _bcq = _bcq || [];_bcq.push(['_setOptions', { start_time: (new Date()).getTime(), bd: 'beacon.walmart.com', bh: 'beacon.lightestwithqm.walmart.com', sv: '1.0.59' }]);</script><script async="" nonce="85BURRrNrX9FBnc9" src="//i5.walmartimages.com/beacon/beacon.js?bd=beacon.walmart.com&amp;bh=beacon.lightestwithqm.walmart.com"></script><link rel="preload" as="image" href="//i5.walmartimages.com/dfw/63fd9f59-b3e1/7a569e53-f29a-4c3d-bfaf-6f7a158bfadd/v1/walmartLogo.svg"/><title>pizza - Walmart.com</title><meta property="og:title" content="pizza - Walmart.com"/><meta name="description" property="og:description" content="pizza - Walmart.com"/><meta property="og:image" content="https://i5.walmartimages.com/asr/22eb6920-ac0a-4838-9e26-8eea5aba1078.977644a39e039a26fbb4c400c30d4397.jpeg?odnHeight=180&amp;odnWidth=180&amp;odnBg=ffffff"/><meta name="next-head-count" content="13"/><link nonce="85BURRrNrX9FBnc9" rel="preload" href="https://i5.walmartimages.com/dfw/63fd9f59-7f10/f39d4daf-be64-4c7a-b470-b7275856c4da/v2/_next/static/css/a6cad371ba458043f84b.css" as="style"/><link nonce="85BURRrNrX9FBnc9" rel="stylesheet" href="https://i5.walmartimages.com/dfw/63fd9f59-7f10/f39d4daf-be64-4c7a-b470-b7275856c4da/v2/_next/static/css/a6cad371ba458043f84b.css" data-n-g=""/><noscript data-n-css="85BURRrNrX9FBnc9"></noscript><script defer="" nonce="85BURRrNrX9FBnc9" nomodule="" src="https://i5.walmartimages.com/dfw/63fd9f59-7f10/f39d4daf-be64-4c7a-b470-b7275856c4da/v2/_next/static/chunks/polyfills-4a4cd472cd681630e092.js"></script><script defer="" src="https://i5.walmartimages.com/dfw/63fd9f59-7f10/f39d4daf-be64-4c7a-b470-b7275856c4da/v2/_next/static/chunks/114.8a9393ce6f514d1111d4.js" nonce="85BURRrNrX9FBnc9"></script><script defer="" src="https://i5.walmartimages.com/dfw/63fd9f59-7f10/f39d4daf-be64-4c7a-b470-b7275856c4da/v2/_next/static/chunks/5404.c7311845d9a2d5f4eca4.js" nonce="85BURRrNrX9FBnc9"></script><script defer="" src="https://i5.walmartimages.com/dfw/63fd9f59-7f10/f39d4daf-be64-4c7a-b470-b7275856c4da/v2/_next/static/chunks/345.e836dcb95cf580f4c8b6.js" nonce="85BURRrNrX9FBnc9"></script><script defer="" src="https://i5.walmartimages.com/dfw/63fd9f59-7f10/f39d4daf-be64-4c7a-b470-b7275856c4da/v2/_next/static/chunks/1923.60c59f27ac123974a5a3.js" nonce="85BURRrNrX9FBnc9"></script><script defer="" src="https://i5.walmartimages.com/dfw/63fd9f59-7f10/f39d4daf-be64-4c7a-b470-b7275856c4da/v2/_next/static/chunks/513.e2c279cac08a255e6196.js" nonce="85BURRrNrX9FBnc9"></script><script defer="" src="https://i5.walmartimages.com/dfw/63fd9f59-7f10/f39d4daf-be64-4c7a-b470-b7275856c4da/v2/_next/static/chunks/5850.a0d738b891bae7f7a90b.js" nonce="85BURRrNrX9FBnc9"></script><script defer="" src="https://i5.walmartimages.com/dfw/63fd9f59-7f10/f39d4daf-be64-4c7a-b470-b7275856c4da/v2/_next/static/chunks/4940.0702e551222c7f7a35eb.js" nonce="85BURRrNrX9FBnc9"></script><script defer="" src="https://i5.walmartimages.com/dfw/63fd9f59-7f10/f39d4daf-be64-4c7a-b470-b7275856c4da/v2/_next/static/chunks/8350.a525c7be02eb14119f5a.js" nonce="85BURRrNrX9FBnc9"></script><script defer="" src="https://i5.walmartimages.com/dfw/63fd9f59-7f10/f39d4daf-be64-4c7a-b470-b7275856c4da/v2/_next/static/chunks/1484.e3415b8c02e1209834b2.js" nonce="85BURRrNrX9FBnc9"></script><script defer="" src="https://i5.walmartimages.com/dfw/63fd9f59-7f10/f39d4daf-be64-4c7a-b470-b7275856c4da/v2/_next/static/chunks/7965.c2687eb683134bd56abb.js" nonce="85BURRrNrX9FBnc9"></script><script defer="" src="https://i5.walmartimages.com/dfw/63fd9f59-7f10/f39d4daf-be64-4c7a-b470-b7275856c4da/v2/_next/static/chunks/1903-8c69837eddb17e0f0163.js" nonce="85BURRrNrX9FBnc9"></script><script defer="" src="https://i5.walmartimages.com/dfw/63fd9f59-7f10/f39d4daf-be64-4c7a-b470-b7275856c4da/v2/_next/static/chunks/861.4ef8a61d1d5ca854f61c.js" nonce="85BURRrNrX9FBnc9"></script><script defer="" src="https://i5.walmartimages.com/dfw/63fd9f59-7f10/f39d4daf-be64-4c7a-b470-b7275856c4da/v2/_next/static/chunks/6107.769f43df21235b30b777.js" nonce="85BURRrNrX9FBnc9"></script><script defer="" src="https://i5.walmartimages.com/dfw/63fd9f59-7f10/f39d4daf-be64-4c7a-b470-b7275856c4da/v2/_next/static/chunks/6559.7298e4d28b5bf0d675a0.js" nonce="85BURRrNrX9FBnc9"></script><script src="https://i5.walmartimages.com/dfw/63fd9f59-7f10/f39d4daf-be64-4c7a-b470-b7275856c4da/v2/_next/static/chunks/webpack-2546359339992df33c5d.js" nonce="85BURRrNrX9FBnc9" defer=""></script><script src="https://i5.walmartimages.com/dfw/63fd9f59-7f10/f39d4daf-be64-4c7a-b470-b7275856c4da/v2/_next/static/chunks/main-d4882edf5cbeb331f61e.js" nonce="85BURRrNrX9FBnc9" defer=""></script><script src="https://i5.walmartimages.com/dfw/63fd9f59-7f10/f39d4daf-be64-4c7a-b470-b7275856c4da/v2/_next/static/chunks/pages/_app-f9edd3495969c1e52d37.js" nonce="85BURRrNrX9FBnc9" defer=""></script><script src="https://i5.walmartimages.com/dfw/63fd9f59-7f10/f39d4daf-be64-4c7a-b470-b7275856c4da/v2/_next/static/chunks/329-caa8803105e2b7a44bcc.js" nonce="85BURRrNrX9FBnc9" defer=""></script><script src="https://i5.walmartimages.com/dfw/63fd9f59-7f10/f39d4daf-be64-4c7a-b470-b7275856c4da/v2/_next/static/chunks/2121-c11ad5a65b46e65e1de7.js" nonce="85BURRrNrX9FBnc9" defer=""></script><script src="https://i5.walmartimages.com/dfw/63fd9f59-7f10/f39d4daf-be64-4c7a-b470-b7275856c4da/v2/_next/static/chunks/9315-6acf961cd8745b415fc7.js" nonce="85BURRrNrX9FBnc9" defer=""></script><script src="https://i5.walmartimages.com/dfw/63fd9f59-7f10/f39d4daf-be64-4c7a-b470-b7275856c4da/v2/_next/static/chunks/8378-2033cda9a963a50bfaa9.js" nonce="85BURRrNrX9FBnc9" defer=""></script><script src="https://i5.walmartimages.com/dfw/63fd9f59-7f10/f39d4daf-be64-4c7a-b470-b7275856c4da/v2/_next/static/chunks/7124-2b7854e70e859a5e16b0.js" nonce="85BURRrNrX9FBnc9" defer=""></script><script src="https://i5.walmartimages.com/dfw/63fd9f59-7f10/f39d4daf-be64-4c7a-b470-b7275856c4da/v2/_next/static/chunks/8340-16e7cfaa8392bc349d0f.js" nonce="85BURRrNrX9FBnc9" defer=""></script><script src="https://i5.walmartimages.com/dfw/63fd9f59-7f10/f39d4daf-be64-4c7a-b470-b7275856c4da/v2/_next/static/chunks/4580-3634e1f9b5b84bece6cc.js" nonce="85BURRrNrX9FBnc9" defer=""></script><script src="https://i5.walmartimages.com/dfw/63fd9f59-7f10/f39d4daf-be64-4c7a-b470-b7275856c4da/v2/_next/static/chunks/9402-5ee4199130f2d062cc32.js" nonce="85BURRrNrX9FBnc9" defer=""></script><script src="https://i5.walmartimages.com/dfw/63fd9f59-7f10/f39d4daf-be64-4c7a-b470-b7275856c4da/v2/_next/static/chunks/pages/search-caf1428ce2ab87422e4e.js" nonce="85BURRrNrX9FBnc9" defer=""></script><script src="https://i5.walmartimages.com/dfw/63fd9f59-7f10/f39d4daf-be64-4c7a-b470-b7275856c4da/v2/_next/static/production_20211006T193458787Z/_buildManifest.js" nonce="85BURRrNrX9FBnc9" defer=""></script><script src="https://i5.walmartimages.com/dfw/63fd9f59-7f10/f39d4daf-be64-4c7a-b470-b7275856c4da/v2/_next/static/production_20211006T193458787Z/_ssgManifest.js" nonce="85BURRrNrX9FBnc9" defer=""></script><script nonce="85BURRrNrX9FBnc9">var TBRewriteHostAltWeight = 10.000000;</script><script async="async" defer="defer" src="//i5.walmartimages.com/a14/capabilities.min.js" nonce="85BURRrNrX9FBnc9"></script></head><body><div id="__next"><div class=""><div data-testid="layout-container" class="flex flex-column min-vh-100 shadow-2" style="transform:none;transition:transform .2s"><span><a link-identifier="Generic Name" href="#maincontent" class="slider left-0 top-0 fixed bg-white-90">Skip to Main Content</a><header class="bg-blue fixed w-100 z-1 top-0"><div class="center flex items-center justify-center pa4"><a link-identifier="walmartLogo" aria-label="Walmart Homepage" class="flex-none mr3" href="/"><img loading="lazy" alt="Walmart" class="db" height="32" src="//i5.walmartimages.com/dfw/63fd9f59-b3e1/7a569e53-f29a-4c3d-bfaf-6f7a158bfadd/v1/walmartLogo.svg" width="130"/></a><div class="relative"><button type="button" class="flex items-center no-underline ph3 white desktop-header-trigger lh-title b pointer ba b--transparent bg-transparent sans-serif" style="border-radius:100px;height:40px;transition:all 100ms cubic-bezier(0.77, 0, 0.175, 1)" aria-haspopup="true" aria-expanded="false"><i class="ld ld-Grid mr2" style="font-size:1rem;vertical-align:-0.175em" aria-hidden="true"></i>Departments</button><div class="absolute bg-white br3 br--bottom left-0 lh-copy mt4 overflow-hidden shadow-1 dn" data-testid="departments-flyout" style="left:50%;transform:none;margin-left:-135px;max-height:0"><div class="flex"><div class="f6 overflow-auto" style="width:246px;max-height:0;height:100%"><ul class="list ma0 pa0 pb3 pt4"></ul></div></div></div></div><div class="relative"><button type="button" class="flex items-center no-underline ph3 white desktop-header-trigger lh-title b pointer ba b--transparent bg-transparent sans-serif" style="border-radius:100px;height:40px;transition:all 100ms cubic-bezier(0.77, 0, 0.175, 1)" aria-haspopup="true" aria-expanded="false"><i class="ld ld-Services mr2" style="font-size:1rem;vertical-align:-0.175em" aria-hidden="true"></i>Services</button><div class="absolute bg-white br3 br--bottom left-0 lh-copy mt4 overflow-hidden shadow-1 dn" data-testid="services-flyout" style="left:50%;transform:none;margin-left:-135px;max-height:0"><div class="flex"><div class="f6 overflow-auto" style="width:246px;max-height:0;height:100%"><ul class="list ma0 pa0 pb3 pt4"></ul></div></div></div></div><form action="/search" autocomplete="off" class="flex-auto ml3" role="search"><div class="flex flex-auto items-center relative"><input type="search" aria-label="Search" aria-activedescendant="" class="b--none f5 flex-auto lh-solid sans-serif br-pill" name="q" placeholder="Search everything at Walmart online and in store" style="height:40px;padding-left:1rem;padding-right:1rem" value="pizza"/><button aria-label="Search icon" class="absolute bn br-100 bg-gold h3 w3" style="right:0.25rem"><i class="ld ld-Search absolute" style="font-size:1rem;vertical-align:-0.175em;top:50%;left:50%;transform:translate(-50%, -50%)" aria-hidden="true"></i></button></div></form><div class="ml3 relative"><a link-identifier="Reorder my items" class="flex items-center no-underline ph3 white desktop-header-trigger lh-title lh-solid" style="border-radius:100px;height:40px;transition:all 100ms cubic-bezier(0.77, 0, 0.175, 1)" aria-haspopup="true" aria-expanded="false" href="/my-items"><i class="ld ld-Reorder" style="font-size:1rem;vertical-align:-0.175em" aria-hidden="true"></i><div class="ml2 nowrap"><div class="f7 lh-title">Reorder</div><div class="b">My Items</div></div></a><div class="absolute bg-white br3 br--bottom left-0 lh-copy mt4 overflow-hidden shadow-1 dn" data-testid="my-items-flyout" style="left:50%;transform:translateX(-50%)"><div class="ph4 pt4 pb2"><a link-identifier="Reorder" class="dark-gray db f6 no-underline nowrap desktop-header-flyout-link mb3" href="/my-items"><i class="ld ld-Reorder mr2" style="font-size:1rem;vertical-align:-0.175em"></i>Reorder</a><a link-identifier="Lists" class="dark-gray db f6 no-underline nowrap desktop-header-flyout-link mb3" href="/lists"><i class="ld ld-List mr2" style="font-size:1rem;vertical-align:-0.175em"></i>Lists</a><a link-identifier="Registries" class="dark-gray db f6 no-underline nowrap desktop-header-flyout-link mb3" href="/my-registries"><i class="ld ld-Gift mr2" style="font-size:1rem;vertical-align:-0.175em"></i>Registries</a></div></div></div><div class="relative"><a link-identifier="Account" class="flex items-center no-underline ph3 white desktop-header-trigger lh-title lh-solid" style="border-radius:100px;height:40px;transition:all 100ms cubic-bezier(0.77, 0, 0.175, 1)" aria-haspopup="true" aria-expanded="false" href="/account/login?vid=oaoh"><i class="ld ld-User" style="font-size:1rem;vertical-align:-0.175em" aria-hidden="true"></i><div class="ml2 nowrap"><div class="f7 mw3 mw4-xl lh-title truncate">Sign In</div><div class="b">Account</div></div></a><div class="absolute bg-white br3 br--bottom left-0 lh-copy mt4 overflow-hidden shadow-1 dn" data-testid="account-flyout" style="left:50%;transform:translateX(-50%)"><div class="pa4"><button class="w_AH w_AJ w_AN db mb3 w-100" type="button">Sign in</button><a link-identifier="Create an account" class="no-underline" href="/account/signup?vid=oaoh"><button class="w_AH w_AK w_AN db mb3 w-100" type="button" tabindex="-1">Create an account</button></a><hr aria-hidden="true" class="w_CY mb3"/><a link-identifier="Purchase History" class="dark-gray db f6 no-underline nowrap desktop-header-flyout-link" href="/orders"><i class="ld ld-Receipt mr2" style="font-size:1rem;vertical-align:-0.175em"></i>Purchase History</a></div></div></div><div class="ml3" style="width:40px"><button type="button" aria-label="Cart contains 0 items" class="bn bg-transparent br2 db flex flex-column items-center pa0 pointer relative sans-serif white"><i class="ld ld-Cart white" style="font-size:1.5rem;vertical-align:-0.25em"></i><span class="w_1 w_9 w_7 absolute right-0 top-0" style="transform:translate(50%, -50%)">0</span><span class="db" style="font-size:.625rem">$0.00</span></button></div></div></header></span><div class="flex flex-column flex-auto relative z-0" aria-hidden="false" style="padding-top:88px"><div class="flex-auto relative z-1"><section data-testid="location-banner" class="bg-dark-blue white pv1"><div class="center items-center flex flex-auto ph3 ph4-m overflow-hidden" style="line-height:2"><button class="w_AH w_AL w_AN white hover-white pa0 no-underline" type="button" name="select-store-button" tabindex="0"><i class="ld ld-Store mr2" style="font-size:1rem;vertical-align:-0.175em"></i><span class="f7 f6-m underline pointer">San Antonio Supercenter</span></button><span class="mh2">|</span><button class="w_AH w_AL w_AN white hover-white pa0 no-underline truncate" type="button" name="select-location-button" tabindex="0"><i class="ld ld-Location mr2" style="font-size:1rem;vertical-align:-0.175em"></i><span class="f7 f6-m underline pointer truncate">San Antonio, 78242</span></button></div></section><div class="center" style="max-width:1280px"><main data-sis-url="http://search-interface.walmart.net/v1/search?query=pizza&amp;facet=&amp;stores=999&amp;cat_id=&amp;sort=best_match&amp;page=3&amp;min_price=&amp;max_price=&amp;spelling=true&amp;ptss=&amp;trsp=&amp;prg=desktop&amp;affinityOverride=store_led&amp;storeSlotBooked=&amp;stateOrProvinceCode=TX&amp;ps=40&amp;zipcode=78242&amp;recall_set=&amp;inCatchment=true&amp;latitude=29.3531&amp;longitude=-98.614&amp;extended_zipcode=78242&amp;addressId=" class="overflow-hidden"><div data-testid="flex-container" class="flex flex-column h-100"><div class="h-100 relative"><div data-testid="flex-container" class="flex flex-column h-100"><div class="h-100 relative"><div class="mh4-xl mh3-m" data-testid="skyline"><iframe class="w-100 v-mid bw0 skeleton-bone br4" height="54" title="Walmart Advertisement"></iframe></div><span><span data-module-data="{&#34;__typename&#34;:&#34;TempoWM_GLASSWWWBrandAmplifierAdConfigs&#34;,&#34;_rawConfigs&#34;:{&#34;moduleLocation&#34;:&#34;top&#34;},&#34;moduleLocation&#34;:&#34;top&#34;,&#34;ad&#34;:{&#34;status&#34;:&#34;SUCCESS&#34;,&#34;moduleType&#34;:&#34;BrandAmplifierAd&#34;,&#34;platform&#34;:&#34;DESKTOP&#34;,&#34;pageId&#34;:&#34;pizza&#34;,&#34;pageType&#34;:&#34;SEARCH&#34;,&#34;storeId&#34;:&#34;999&#34;,&#34;stateCode&#34;:&#34;TX&#34;,&#34;zipCode&#34;:&#34;78242&#34;,&#34;pageContext&#34;:{&#34;searchNormalize&#34;:{&#34;normalized_query&#34;:&#34;pizza&#34;,&#34;original_query&#34;:&#34;pizza&#34;,&#34;rewritten_query&#34;:&#34;pizza&#34;,&#34;specificity&#34;:&#34;broad&#34;,&#34;top_query_cat_path&#34;:&#34;/976759/976791/5774679/3790397&#34;,&#34;top_query_cat_path_name&#34;:&#34;/Food/Frozen Foods/Frozen Pizza, Pasta, &amp; Breads/Frozen Meat Pizzas&#34;,&#34;analytics_log&#34;:{&#34;fe_log&#34;:{&#34;tq&#34;:1,&#34;dept&#34;:&#34;/976759/976791/5774679/3790397&#34;,&#34;g&#34;:&#34;S&#34;,&#34;s&#34;:&#34;b&#34;,&#34;trf&#34;:&#34;ht&#34;}}}},&#34;moduleConfigs&#34;:{&#34;moduleLocation&#34;:&#34;top&#34;},&#34;adsContext&#34;:{&#34;locationContext&#34;:{&#34;zipCode&#34;:&#34;78242&#34;,&#34;stateCode&#34;:&#34;TX&#34;,&#34;storeId&#34;:&#34;999&#34;,&#34;pickupStore&#34;:null,&#34;deliveryStore&#34;:null,&#34;intent&#34;:null,&#34;incatchment&#34;:true},&#34;itemId&#34;:&#34;&#34;,&#34;categoryId&#34;:&#34;976759_976791_5774679_3790397&#34;,&#34;categoryName&#34;:&#34;Food/Frozen Foods/Frozen Pizza, Pasta, &amp; Breads/Frozen Meat Pizzas&#34;,&#34;brand&#34;:&#34;&#34;,&#34;productName&#34;:&#34;&#34;,&#34;productTypeId&#34;:&#34;&#34;,&#34;normKeyword&#34;:&#34;pizza&#34;,&#34;verticalId&#34;:&#34;&#34;,&#34;dedupeList&#34;:[&#34;&#34;]},&#34;adRequestComposite&#34;:{&#34;isDebug&#34;:false,&#34;isManualShelf&#34;:false,&#34;keyword&#34;:&#34;pizza&#34;},&#34;adContent&#34;:{&#34;type&#34;:&#34;SPONSORED_PRODUCTS&#34;,&#34;data&#34;:{&#34;__typename&#34;:&#34;SponsoredBrands&#34;,&#34;adUuid&#34;:&#34;c57c1e22-20b1-45d4-b1f1-ea285850015c&#34;,&#34;adExpInfo&#34;:null,&#34;moduleInfo&#34;:&#34;{\&#34;adExpId\&#34;:\&#34;\&#34;,\&#34;bucketId\&#34;:\&#34;2243\&#34;}&#34;,&#34;brands&#34;:[]}}}}"></span></span><section><section aria-label="Sort and Filter section" class="w-100 flex flex-shrink-0 hidesb hidesb-wk pl3 ph4-xl pv3 relative z-max overflow-x-auto"><div class="flex flex-row flex-shrink-0 items-center br-pill bn bg-near-white mr2"><button type="button" class="f6 pv2 br-pill bn sans-serif flex bg-near-white pointer" aria-label="All filters "><i class="ld ld-Filter ph2" style="font-size:1rem;vertical-align:-0.175em" aria-hidden="true" data-testid="Filter-icon"></i><span class="flex pointer pr3" aria-hidden="true">All filters</span></button></div><div aria-hidden="true" class="br b--near-white h-inherit mr2"></div><div class="flex flex-row flex-shrink-0 items-center br-pill bn bg-near-white mr2"><button type="button" class="f6 pv2 br-pill bn sans-serif flex bg-near-white pointer" aria-label="In-store "><i class="ld ld-Store ph2" style="font-size:1rem;vertical-align:-0.175em" aria-hidden="true" data-testid="Store-icon"></i><span class="flex pointer pr3" aria-hidden="true">In-store</span></button></div><div class="flex flex-row flex-shrink-0 items-center br-pill bn bg-near-white mr2"><span class="w_F w_J" style="display:inline"><button type="button" class="f6 pv2 br-pill bn sans-serif flex bg-near-white pointer" aria-label="Pickup &amp; shipping "><span class="flex pointer pl3" aria-hidden="true">Pickup &amp; shipping</span><i class="ld ld-ChevronDown mh2" style="font-size:1rem;vertical-align:-0.175em"></i></button></span></div><div class="flex flex-row flex-shrink-0 items-center br-pill bn bg-near-white mr2"><button type="button" class="f6 pv2 br-pill bn sans-serif flex bg-near-white pointer" aria-label="Price "><i class="ld ld-MoneyCircle ph2" style="font-size:1rem;vertical-align:-0.175em" aria-hidden="true" data-testid="MoneyCircle-icon"></i><span class="flex pointer" aria-hidden="true">Price</span><i class="ld ld-ChevronDown mh2" style="font-size:1rem;vertical-align:-0.175em"></i></button></div><div class="flex flex-row flex-shrink-0 items-center br-pill bn bg-near-white mr2"><button type="button" class="f6 pv2 br-pill bn sans-serif flex bg-near-white pointer" aria-label="Brand "><span class="flex pointer pl3" aria-hidden="true">Brand</span><i class="ld ld-ChevronDown mh2" style="font-size:1rem;vertical-align:-0.175em"></i></button></div><div class="flex flex-row flex-shrink-0 items-center br-pill bn bg-near-white mr2"><button type="button" class="f6 pv2 br-pill bn sans-serif flex bg-near-white pointer" aria-label="Departments "><span class="flex pointer pl3" aria-hidden="true">Departments</span><i class="ld ld-ChevronDown mh2" style="font-size:1rem;vertical-align:-0.175em"></i></button></div><div class="flex flex-row flex-shrink-0 items-center br-pill bn bg-near-white"><button type="button" class="f6 pv2 br-pill bn sans-serif flex bg-near-white pointer" aria-label="Speed "><i class="ld ld-Clock ph2" style="font-size:1rem;vertical-align:-0.175em" aria-hidden="true" data-testid="Clock-icon"></i><span class="flex pointer" aria-hidden="true">Speed</span><i class="ld ld-ChevronDown mh2" style="font-size:1rem;vertical-align:-0.175em"></i></button></div><div class="dark-gray flex flex-row items-center ml-auto flex-shrink-0"><span class="b mh2">Sort by</span>|<button type="button" class="bw0 bg-white sans-serif pointer pa1" aria-label="Sort by Best Match" aria-expanded="false" aria-haspopup="true">Best Match<i class="ld ld-ChevronDown pa0 ml6" style="font-size:1rem;vertical-align:-0.175em" arial-hiden="true" role="img"></i></button></div></section></section><hr aria-hidden="true" class="w_CY"/><section class="pv3" aria-label="Quick refinements"><div class="flex flex-column justify-center relative"><ul style="display:flex;grid-auto-flow:column;scroll-snap-type:x mandatory;max-height:fit-content" class="list ma0 pl0 overflow-x-scroll hidesb hidesb-wk relative overflow-y-hidden pl3 spl3 pl4-xl" data-testid="carousel-container"><li class="flex flex-column items-center " data-slide="0"><button class="w_CZ w_Cc mr2" type="button" role="link">cheese</button></li><li class="flex flex-column items-center " data-slide="1"><button class="w_CZ w_Cc mr2" type="button" role="link">stuff crust</button></li><li class="flex flex-column items-center " data-slide="2"><button class="w_CZ w_Cc mr2" type="button" role="link">thin crust</button></li><li class="flex flex-column items-center " data-slide="3"><button class="w_CZ w_Cc mr2" type="button" role="link">cauliflower</button></li><li class="flex flex-column items-center " data-slide="4"><button class="w_CZ w_Cc mr2" type="button" role="link">tombstone</button></li><li class="flex flex-column items-center " data-slide="5"><button class="w_CZ w_Cc mr2" type="button" role="link">red baron</button></li><li class="flex flex-column items-center " data-slide="6"><button class="w_CZ w_Cc mr2" type="button" role="link">digiorno</button></li><li class="flex flex-column items-center " data-slide="7"><button class="w_CZ w_Cc mr2" type="button" role="link">marketside</button></li><li class="flex flex-column items-center " data-slide="8"><button class="w_CZ w_Cc mr2" type="button" role="link">rolls</button></li><li class="flex flex-column items-center " data-slide="9"><button class="w_CZ w_Cc mr2 mr4-xl" type="button" role="link">crust</button></li><li class="carousel-right-gap db" aria-hidden="true"></li></ul><button aria-hidden="true" tabindex="-1" class="absolute dn z-999 bg-white br-100 pa0 pointer ba db-l br-100 ba b--black nav-control right-1 db"><i class="ld ld-ChevronRight" style="font-size:1.5rem;vertical-align:-0.25em;padding:12px"></i></button><button aria-hidden="true" tabindex="-1" class="absolute dn z-999 bg-white br-100 pa0 pointer ba br-100 ba b--black nav-control left-1"><i class="ld ld-ChevronLeft" style="font-size:1.5rem;vertical-align:-0.25em;padding:12px"></i></button><div class="dn"></div></div><div class="dn"><a link-identifier="Generic Name">cheese</a><a link-identifier="Generic Name">stuff crust</a><a link-identifier="Generic Name">thin crust</a><a link-identifier="Generic Name">cauliflower</a><a link-identifier="Generic Name">tombstone</a><a link-identifier="Generic Name">red baron</a><a link-identifier="Generic Name">digiorno</a><a link-identifier="Generic Name">marketside</a><a link-identifier="Generic Name">rolls</a><a link-identifier="Generic Name">crust</a></div></section><hr aria-hidden="true" class="w_CY"/></div></div></div><div class="h-100 relative"><div data-testid="flex-container" class="flex flex-column h-100"><div class="h-100 relative"><div data-stack-index="0" class="flex flex-column justify-center"><section><div class="flex flex-wrap w-100 flex-grow-0 flex-shrink-0 ph2 pr0-xl pl4-xl mt0-xl mt3"><div class="mb1 ph1 pa0-xl bb b--near-white w-25"><div class="h-100 pb1-xl pr4-xl pv1 ph1" style="content-visibility:auto;contain-intrinsic-size:198px 340px"><div data-item-id="26XS38G5IVMV" class="sans-serif mid-gray relative flex flex-column w-100 "><a link-identifier="615063634" href="https://wrd.walmart.com/track?bt=1&amp;adUid=h0y5nYJjcAxcuhMMVVEvDGq5DNfJUqEnWsPF&amp;storeId=999&amp;mloc=sp-search-middle&amp;pt=search&amp;pltfm=desktop&amp;tax=976759_976791_5774679_3790397&amp;rdf=1&amp;plmt=sp-search-middle~desktop~&amp;eventST=click&amp;spQs=sHYaWyupwNLA9bOfJJaxWNMtb3lvcEXLEJM98GdIgxTwdZw9lT_0IyWyjj4KVEV9UbiJ0KuU1faPnok79_e2-I1YwHEbwV6C74Swvh5gcTo&amp;pos=1&amp;pgId=pizza&amp;rd=https%3A%2F%2Fwww.walmart.com%2Fip%2FCAULIPOWER-Margherita-Stone-fired-Cauliflower-Crust-Pizza-10-9-oz%2F615063634" class="absolute w-100 h-100 z-1"><span class="w_DY">CAULIPOWER Margherita Stone-fired Cauliflower Crust Pizza, 10.9 oz<!-- --> </span></a><div class="" data-testid="list-view"><div class=""><div class="h2 relative mb2"></div><div class="relative"><div class="relative overflow-hidden" style="max-width:290px;height:0;padding-bottom:min(290px, 100%);align-self:center;width:min(290px, 100%)"><img loading="eager" srcset="https://i5.walmartimages.com/asr/22eb6920-ac0a-4838-9e26-8eea5aba1078.977644a39e039a26fbb4c400c30d4397.jpeg?odnHeight=290&amp;odnWidth=290&amp;odnBg=FFFFFF 1x, https://i5.walmartimages.com/asr/22eb6920-ac0a-4838-9e26-8eea5aba1078.977644a39e039a26fbb4c400c30d4397.jpeg?odnHeight=580&amp;odnWidth=580&amp;odnBg=FFFFFF 2x" width="" height="" class="absolute top-0 left-0" data-testid="productTileImage" alt="" src="https://i5.walmartimages.com/asr/22eb6920-ac0a-4838-9e26-8eea5aba1078.977644a39e039a26fbb4c400c30d4397.jpeg?odnHeight=580&amp;odnWidth=580&amp;odnBg=FFFFFF"/></div><div class="absolute z-2 bottom--1"><button class="w_AH w_AJ w_AO pointer bn bg-blue hover-bg-dark-blue white sans-serif b w-auto ph2 flex items-center justify-center shadow-1" type="button" aria-label="Add to cart - CAULIPOWER Margherita Stone-fired Cauliflower Crust Pizza, 10.9 oz"><i class="ld ld-Plus" style="font-size:1.5rem;vertical-align:-0.25em" title="add to cart"></i><span class="mr2">Add</span></button></div></div><div class="mt5 mb1" style="height:24px" data-testid="variant-26XS38G5IVMV"><div class="flex items-center lh-title h2-l normal"><span class="gray f7">Sponsored</span></div></div></div><div class=""><div class="flex flex-wrap justify-start items-center lh-title mb2 mb1-m"><div class="b black f5 mr1 mr2-xl lh-copy f4-l" aria-hidden="true">$6.48</div><span class="w_DY">current price $6.48</span><div class="f7 f6-l gray mr1">59.4 ¢/oz</div></div><span class="w_Bd" style="-webkit-line-clamp:3;padding-bottom:0em;margin-bottom:-0em"><span class="f6 f5-l normal dark-gray mb0 mt1 lh-title">CAULIPOWER Margherita Stone-fired Cauliflower Crust Pizza, 10.9 oz</span></span><div class="mv2 flex items-center"><div class="f7 mr1 blue b lh-copy">Save with</div><img loading="lazy" class="pr2 flex" src="//i5.walmartimages.com/dfw/63fd9f59-ac39/29c6759d-7f14-49fa-bd3a-b870eb4fb8fb/v1/wplus-icon-blue.svg" alt="Walmart Plus" height="20" width="20"/></div><div class="mt2 mb2"><span class="w_A w_C w_B mr1 mt1 ph1">Pickup</span><span class="w_A w_C w_B mr1 mt1 ph1">Delivery</span></div></div></div></div></div></div><div class="mb1 ph1 pa0-xl bb b--near-white w-25"><div class="h-100 pb1-xl pr4-xl pv1 ph1" style="content-visibility:auto;contain-intrinsic-size:198px 340px"><div data-item-id="5SBWRJVSTXYA" class="sans-serif mid-gray relative flex flex-column w-100 "><a link-identifier="638364431" href="https://wrd.walmart.com/track?bt=1&amp;adUid=h0y5nYJjcAxcuhMMVVEvDGq5DNfJUqEnWsPF&amp;storeId=999&amp;mloc=sp-search-middle&amp;pt=search&amp;pltfm=desktop&amp;tax=976759_976791_5774679_3790397&amp;rdf=1&amp;plmt=sp-search-middle~desktop~&amp;eventST=click&amp;spQs=sHYaWyupwNLA9bOfJJaxWNMtb3lvcEXLEJM98GdIgxTJuRITKpiagSUHfWkibzlCUbiJ0KuU1faPnok79_e2-I1YwHEbwV6C74Swvh5gcTo&amp;pos=2&amp;pgId=pizza&amp;rd=https%3A%2F%2Fwww.walmart.com%2Fip%2FCAULIPOWER-Gluten-Free-Italian-Sausage-Vegetables-Pizza-11-55-Oz-Frozen%2F638364431" class="absolute w-100 h-100 z-1"><span class="w_DY">CAULIPOWER Gluten-Free Italian Sausage &amp; Vegetables Pizza, 11.55 Oz (Frozen)<!-- --> </span></a><div class="" data-testid="list-view"><div class=""><div class="h2 relative mb2"></div><div class="relative"><div class="relative overflow-hidden" style="max-width:290px;height:0;padding-bottom:min(290px, 100%);align-self:center;width:min(290px, 100%)"><img loading="eager" srcset="https://i5.walmartimages.com/asr/859c32cc-2019-4310-bbee-f82af17b242a.1567de408130cbd8ee89265a8e8af69c.jpeg?odnHeight=290&amp;odnWidth=290&amp;odnBg=FFFFFF 1x, https://i5.walmartimages.com/asr/859c32cc-2019-4310-bbee-f82af17b242a.1567de408130cbd8ee89265a8e8af69c.jpeg?odnHeight=580&amp;odnWidth=580&amp;odnBg=FFFFFF 2x" width="" height="" class="absolute top-0 left-0" data-testid="productTileImage" alt="" src="https://i5.walmartimages.com/asr/859c32cc-2019-4310-bbee-f82af17b242a.1567de408130cbd8ee89265a8e8af69c.jpeg?odnHeight=580&amp;odnWidth=580&amp;odnBg=FFFFFF"/></div><div class="absolute z-2 bottom--1"><button class="w_AH w_AJ w_AO pointer bn bg-blue hover-bg-dark-blue white sans-serif b w-auto ph2 flex items-center justify-center shadow-1" type="button" aria-label="Add to cart - CAULIPOWER Gluten-Free Italian Sausage &amp; Vegetables Pizza, 11.55 Oz (Frozen)"><i class="ld ld-Plus" style="font-size:1.5rem;vertical-align:-0.25em" title="add to cart"></i><span class="mr2">Add</span></button></div></div><div class="mt5 mb1" style="height:24px" data-testid="variant-5SBWRJVSTXYA"><div class="flex items-center lh-title h2-l normal"><span class="gray f7">Sponsored</span></div></div></div><div class=""><div class="flex flex-wrap justify-start items-center lh-title mb2 mb1-m"><div class="b black f5 mr1 mr2-xl lh-copy f4-l" aria-hidden="true">$6.48</div><span class="w_DY">current price $6.48</span><div class="f7 f6-l gray mr1">56.1 ¢/oz</div></div><span class="w_Bd" style="-webkit-line-clamp:3;padding-bottom:0em;margin-bottom:-0em"><span class="f6 f5-l normal dark-gray mb0 mt1 lh-title">CAULIPOWER Gluten-Free Italian Sausage &amp; Vegetables Pizza, 11.55 Oz (Frozen)</span></span><div class="mv2 flex items-center"><div class="f7 mr1 blue b lh-copy">Save with</div><img loading="lazy" class="pr2 flex" src="//i5.walmartimages.com/dfw/63fd9f59-ac39/29c6759d-7f14-49fa-bd3a-b870eb4fb8fb/v1/wplus-icon-blue.svg" alt="Walmart Plus" height="20" width="20"/></div><div class="mt2 mb2"><span class="w_A w_C w_B mr1 mt1 ph1">Pickup</span><span class="w_A w_C w_B mr1 mt1 ph1">Delivery</span></div></div></div></div></div></div><div class="mb1 ph1 pa0-xl bb b--near-white w-25"><div class="h-100 pb1-xl pr4-xl pv1 ph1" style="content-visibility:auto;contain-intrinsic-size:198px 340px"><div data-item-id="2YKX8HK2QNOP" class="sans-serif mid-gray relative flex flex-column w-100 "><a link-identifier="504054104" class="absolute w-100 h-100 z-1" href="/ip/Motor-City-Four-Cheese-Detroit-Style-Deep-Dish-Pizza-25-84-oz-Frozen/504054104"><span class="w_DY">Motor City Four Cheese Detroit Style Deep Dish Pizza, 25.84 oz (Frozen)<!-- --> </span></a><div class="" data-testid="list-view"><div class=""><div class="h2 relative mb2"></div><div class="relative"><div class="relative overflow-hidden" style="max-width:290px;height:0;padding-bottom:min(290px, 100%);align-self:center;width:min(290px, 100%)"><img loading="eager" srcset="https://i5.walmartimages.com/asr/0e41bfbb-df26-4c80-9b6d-6fbab1efe037_1.1c02f8b29f4f52ff7110aa02b02ad00f.jpeg?odnHeight=290&amp;odnWidth=290&amp;odnBg=FFFFFF 1x, https://i5.walmartimages.com/asr/0e41bfbb-df26-4c80-9b6d-6fbab1efe037_1.1c02f8b29f4f52ff7110aa02b02ad00f.jpeg?odnHeight=580&amp;odnWidth=580&amp;odnBg=FFFFFF 2x" width="" height="" class="absolute top-0 left-0" data-testid="productTileImage" alt="" src="https://i5.walmartimages.com/asr/0e41bfbb-df26-4c80-9b6d-6fbab1efe037_1.1c02f8b29f4f52ff7110aa02b02ad00f.jpeg?odnHeight=580&amp;odnWidth=580&amp;odnBg=FFFFFF"/></div><div class="absolute z-2 bottom--1"><button class="w_AH w_AJ w_AO pointer bn bg-blue hover-bg-dark-blue white sans-serif b w-auto ph2 flex items-center justify-center shadow-1" type="button" aria-label="Add to cart - Motor City Four Cheese Detroit Style Deep Dish Pizza, 25.84 oz (Frozen)"><i class="ld ld-Plus" style="font-size:1.5rem;vertical-align:-0.25em" title="add to cart"></i><span class="mr2">Add</span></button></div></div><div class="mt5 mb1" style="height:24px" data-testid="variant-2YKX8HK2QNOP"></div></div><div class=""><div class="flex flex-wrap justify-start items-center lh-title mb2 mb1-m"><div class="b black f5 mr1 mr2-xl lh-copy f4-l" aria-hidden="true">$6.60</div><span class="w_DY">current price $6.60</span><div class="f7 f6-l gray mr1">25.5 ¢/oz</div></div><span class="w_Bd" style="-webkit-line-clamp:3;padding-bottom:0em;margin-bottom:-0em"><span class="f6 f5-l normal dark-gray mb0 mt1 lh-title">Motor City Four Cheese Detroit Style Deep Dish Pizza, 25.84 oz (Frozen)</span></span><div class="mv2 flex items-center"><div class="f7 mr1 blue b lh-copy">Save with</div><img loading="lazy" class="pr2 flex" src="//i5.walmartimages.com/dfw/63fd9f59-ac39/29c6759d-7f14-49fa-bd3a-b870eb4fb8fb/v1/wplus-icon-blue.svg" alt="Walmart Plus" height="20" width="20"/></div><div class="mt2 mb2"><span class="w_A w_C w_B mr1 mt1 ph1">Pickup</span><span class="w_A w_C w_B mr1 mt1 ph1">Delivery</span></div></div></div></div></div></div><div class="mb1 ph1 pa0-xl bb b--near-white w-25"><div class="h-100 pb1-xl pr4-xl pv1 ph1" style="content-visibility:auto;contain-intrinsic-size:198px 340px"><div data-item-id="5WL76ZT3E6E8" class="sans-serif mid-gray relative flex flex-column w-100 "><a link-identifier="10293067" class="absolute w-100 h-100 z-1" href="/ip/DIGIORNO-Pepperoni-Frozen-Personal-Pizza-on-a-Traditional-Crust-9-3-oz/10293067"><span class="w_DY">DIGIORNO Pepperoni Frozen Personal Pizza on a Traditional Crust 9.3 oz.<!-- --> </span></a><div class="" data-testid="list-view"><div class=""><div class="h2 relative mb2"></div><div class="relative"><div class="relative overflow-hidden" style="max-width:290px;height:0;padding-bottom:min(290px, 100%);align-self:center;width:min(290px, 100%)"><img loading="eager" srcset="https://i5.walmartimages.com/asr/e9a902a1-3eca-4468-9e44-c0a46ab91238.7acf21a4acf485952cf17067abe111b7.jpeg?odnHeight=290&amp;odnWidth=290&amp;odnBg=FFFFFF 1x, https://i5.walmartimages.com/asr/e9a902a1-3eca-4468-9e44-c0a46ab91238.7acf21a4acf485952cf17067abe111b7.jpeg?odnHeight=580&amp;odnWidth=580&amp;odnBg=FFFFFF 2x" width="" height="" class="absolute top-0 left-0" data-testid="productTileImage" alt="" src="https://i5.walmartimages.com/asr/e9a902a1-3eca-4468-9e44-c0a46ab91238.7acf21a4acf485952cf17067abe111b7.jpeg?odnHeight=580&amp;odnWidth=580&amp;odnBg=FFFFFF"/></div><div class="absolute z-2 bottom--1"><button class="w_AH w_AJ w_AO pointer bn bg-blue hover-bg-dark-blue white sans-serif b w-auto ph2 flex items-center justify-center shadow-1" type="button" aria-label="Add to cart - DIGIORNO Pepperoni Frozen Personal Pizza on a Traditional Crust 9.3 oz."><i class="ld ld-Plus" style="font-size:1.5rem;vertical-align:-0.25em" title="add to cart"></i><span class="mr2">Add</span></button></div></div><div class="mt5 mb1" style="height:24px" data-testid="variant-5WL76ZT3E6E8"></div></div><div class=""><div class="flex flex-wrap justify-start items-center lh-title mb2 mb1-m"><div class="b black f5 mr1 mr2-xl lh-copy f4-l" aria-hidden="true">$3.50</div><span class="w_DY">current price $3.50</span><div class="f7 f6-l gray mr1">37.6 ¢/oz</div></div><span class="w_Bd" style="-webkit-line-clamp:3;padding-bottom:0em;margin-bottom:-0em"><span class="f6 f5-l normal dark-gray mb0 mt1 lh-title">DIGIORNO Pepperoni Frozen Personal Pizza on a Traditional Crust 9.3 oz.</span></span><div class="mv2 flex items-center"><div class="f7 mr1 blue b lh-copy">Save with</div><img loading="lazy" class="pr2 flex" src="//i5.walmartimages.com/dfw/63fd9f59-ac39/29c6759d-7f14-49fa-bd3a-b870eb4fb8fb/v1/wplus-icon-blue.svg" alt="Walmart Plus" height="20" width="20"/></div><div class="mt2 mb2"><span class="w_A w_C w_B mr1 mt1 ph1">Pickup</span><span class="w_A w_C w_B mr1 mt1 ph1">Delivery</span></div></div></div></div></div></div><div class="mb1 ph1 pa0-xl bb b--near-white w-25"><div class="h-100 pb1-xl pr4-xl pv1 ph1" style="content-visibility:auto;contain-intrinsic-size:198px 340px"><div data-item-id="6BSX9Z39WMIQ" class="sans-serif mid-gray relative flex flex-column w-100 "><a link-identifier="42794630" class="absolute w-100 h-100 z-1" href="/ip/Screamin-Sicilian-Original-Holy-Pepperoni-Pizza-22-3-oz/42794630"><span class="w_DY">Screamin&#39; Sicilian Original Holy Pepperoni Pizza, 22.3 oz<!-- --> </span></a><div class="" data-testid="list-view"><div class=""><div class="h2 relative mb2"></div><div class="relative"><div class="relative overflow-hidden" style="max-width:290px;height:0;padding-bottom:min(290px, 100%);align-self:center;width:min(290px, 100%)"><img loading="lazy" srcset="https://i5.walmartimages.com/asr/6dbcc332-180b-4f12-8a38-15fdbb8c1b1b.c4ef4e426ea54f0ec95146bcfb24535f.jpeg?odnHeight=290&amp;odnWidth=290&amp;odnBg=FFFFFF 1x, https://i5.walmartimages.com/asr/6dbcc332-180b-4f12-8a38-15fdbb8c1b1b.c4ef4e426ea54f0ec95146bcfb24535f.jpeg?odnHeight=580&amp;odnWidth=580&amp;odnBg=FFFFFF 2x" width="" height="" class="absolute top-0 left-0" data-testid="productTileImage" alt="" src="https://i5.walmartimages.com/asr/6dbcc332-180b-4f12-8a38-15fdbb8c1b1b.c4ef4e426ea54f0ec95146bcfb24535f.jpeg?odnHeight=580&amp;odnWidth=580&amp;odnBg=FFFFFF"/></div><div class="absolute z-2 bottom--1"><button class="w_AH w_AJ w_AO pointer bn bg-blue hover-bg-dark-blue white sans-serif b w-auto ph2 flex items-center justify-center shadow-1" type="button" aria-label="Add to cart - Screamin&#39; Sicilian Original Holy Pepperoni Pizza, 22.3 oz"><i class="ld ld-Plus" style="font-size:1.5rem;vertical-align:-0.25em" title="add to cart"></i><span class="mr2">Add</span></button></div></div><div class="mt5 mb1" style="height:24px" data-testid="variant-6BSX9Z39WMIQ"></div></div><div class=""><div class="flex flex-wrap justify-start items-center lh-title mb2 mb1-m"><div class="b black f5 mr1 mr2-xl lh-copy f4-l" aria-hidden="true">$6.23</div><span class="w_DY">current price $6.23</span><div class="f7 f6-l gray mr1">27.9 ¢/oz</div></div><span class="w_Bd" style="-webkit-line-clamp:3;padding-bottom:0em;margin-bottom:-0em"><span class="f6 f5-l normal dark-gray mb0 mt1 lh-title">Screamin&#39; Sicilian Original Holy Pepperoni Pizza, 22.3 oz</span></span><div class="mv2 flex items-center"><div class="f7 mr1 blue b lh-copy">Save with</div><img loading="lazy" class="pr2 flex" src="//i5.walmartimages.com/dfw/63fd9f59-ac39/29c6759d-7f14-49fa-bd3a-b870eb4fb8fb/v1/wplus-icon-blue.svg" alt="Walmart Plus" height="20" width="20"/></div><div class="mt2 mb2"><span class="w_A w_C w_B mr1 mt1 ph1">Pickup</span><span class="w_A w_C w_B mr1 mt1 ph1">Delivery</span></div></div></div></div></div></div><div class="mb1 ph1 pa0-xl bb b--near-white w-25"><div class="h-100 pb1-xl pr4-xl pv1 ph1" style="content-visibility:auto;contain-intrinsic-size:198px 340px"><div data-item-id="4ZXEN9DAVELU" class="sans-serif mid-gray relative flex flex-column w-100 "><a link-identifier="824205700" class="absolute w-100 h-100 z-1" href="/ip/Marketside-Large-Cheese-Stuffed-Crust-Pepperoni-Pizza-46-oz/824205700"><span class="w_DY">Marketside Large Cheese-Stuffed Crust Pepperoni Pizza, 46 oz<!-- --> </span></a><div class="" data-testid="list-view"><div class=""><div class="h2 relative mb2"></div><div class="relative"><div class="relative overflow-hidden" style="max-width:290px;height:0;padding-bottom:min(290px, 100%);align-self:center;width:min(290px, 100%)"><img loading="lazy" srcset="https://i5.walmartimages.com/asr/8c1d2392-89e5-4b82-a9e8-4a9ca2cf990e_1.15c5836cbb711450d23a144b7b2d3e97.jpeg?odnHeight=290&amp;odnWidth=290&amp;odnBg=FFFFFF 1x, https://i5.walmartimages.com/asr/8c1d2392-89e5-4b82-a9e8-4a9ca2cf990e_1.15c5836cbb711450d23a144b7b2d3e97.jpeg?odnHeight=580&amp;odnWidth=580&amp;odnBg=FFFFFF 2x" width="" height="" class="absolute top-0 left-0" data-testid="productTileImage" alt="" src="https://i5.walmartimages.com/asr/8c1d2392-89e5-4b82-a9e8-4a9ca2cf990e_1.15c5836cbb711450d23a144b7b2d3e97.jpeg?odnHeight=580&amp;odnWidth=580&amp;odnBg=FFFFFF"/></div><div class="absolute z-2 bottom--1"><button class="w_AH w_AJ w_AO pointer bn bg-blue hover-bg-dark-blue white sans-serif b w-auto ph2 flex items-center justify-center shadow-1" type="button" aria-label="Add to cart - Marketside Large Cheese-Stuffed Crust Pepperoni Pizza, 46 oz"><i class="ld ld-Plus" style="font-size:1.5rem;vertical-align:-0.25em" title="add to cart"></i><span class="mr2">Add</span></button></div></div><div class="mt5 mb1" style="height:24px" data-testid="variant-4ZXEN9DAVELU"></div></div><div class=""><div class="flex flex-wrap justify-start items-center lh-title mb2 mb1-m"><div class="b black f5 mr1 mr2-xl lh-copy f4-l" aria-hidden="true">$9.00</div><span class="w_DY">current price $9.00</span><div class="f7 f6-l gray mr1">19.6 ¢/oz</div></div><span class="w_Bd" style="-webkit-line-clamp:3;padding-bottom:0em;margin-bottom:-0em"><span class="f6 f5-l normal dark-gray mb0 mt1 lh-title">Marketside Large Cheese-Stuffed Crust Pepperoni Pizza, 46 oz</span></span><div class="mv2 flex items-center"><div class="f7 mr1 blue b lh-copy">Save with</div><img loading="lazy" class="pr2 flex" src="//i5.walmartimages.com/dfw/63fd9f59-ac39/29c6759d-7f14-49fa-bd3a-b870eb4fb8fb/v1/wplus-icon-blue.svg" alt="Walmart Plus" height="20" width="20"/></div><div class="mt2 mb2"><span class="w_A w_C w_B mr1 mt1 ph1">Pickup</span><span class="w_A w_C w_B mr1 mt1 ph1">Delivery</span></div></div></div></div></div></div><div class="mb1 ph1 pa0-xl bb b--near-white w-25"><div class="h-100 pb1-xl pr4-xl pv1 ph1" style="content-visibility:auto;contain-intrinsic-size:198px 340px"><div data-item-id="1BOTVDTG3PNP" class="sans-serif mid-gray relative flex flex-column w-100 "><a link-identifier="590964609" class="absolute w-100 h-100 z-1" href="/ip/Marketside-Buffalo-Style-Chicken-Flatbread-11-4-oz/590964609"><span class="w_DY">Marketside Buffalo Style Chicken Flatbread, 11.4 oz<!-- --> </span></a><div class="" data-testid="list-view"><div class=""><div class="h2 relative mb2"></div><div class="relative"><div class="relative overflow-hidden" style="max-width:290px;height:0;padding-bottom:min(290px, 100%);align-self:center;width:min(290px, 100%)"><img loading="lazy" srcset="https://i5.walmartimages.com/asr/fc8facf0-c8ad-411e-9acf-08d4080e2c6e.449a6ef4bd1dce706c8a20b86bc9c641.jpeg?odnHeight=290&amp;odnWidth=290&amp;odnBg=FFFFFF 1x, https://i5.walmartimages.com/asr/fc8facf0-c8ad-411e-9acf-08d4080e2c6e.449a6ef4bd1dce706c8a20b86bc9c641.jpeg?odnHeight=580&amp;odnWidth=580&amp;odnBg=FFFFFF 2x" width="" height="" class="absolute top-0 left-0" data-testid="productTileImage" alt="" src="https://i5.walmartimages.com/asr/fc8facf0-c8ad-411e-9acf-08d4080e2c6e.449a6ef4bd1dce706c8a20b86bc9c641.jpeg?odnHeight=580&amp;odnWidth=580&amp;odnBg=FFFFFF"/></div><div class="absolute z-2 bottom--1"><button class="w_AH w_AJ w_AO pointer bn bg-blue hover-bg-dark-blue white sans-serif b w-auto ph2 flex items-center justify-center shadow-1" type="button" aria-label="Add to cart - Marketside Buffalo Style Chicken Flatbread, 11.4 oz"><i class="ld ld-Plus" style="font-size:1.5rem;vertical-align:-0.25em" title="add to cart"></i><span class="mr2">Add</span></button></div></div><div class="mt5 mb1" style="height:24px" data-testid="variant-1BOTVDTG3PNP"></div></div><div class=""><div class="flex flex-wrap justify-start items-center lh-title mb2 mb1-m"><div class="b black f5 mr1 mr2-xl lh-copy f4-l" aria-hidden="true">$5.00</div><span class="w_DY">current price $5.00</span><div class="f7 f6-l gray mr1">43.9 ¢/oz</div></div><span class="w_Bd" style="-webkit-line-clamp:3;padding-bottom:0em;margin-bottom:-0em"><span class="f6 f5-l normal dark-gray mb0 mt1 lh-title">Marketside Buffalo Style Chicken Flatbread, 11.4 oz</span></span><div class="mv2 flex items-center"><div class="f7 mr1 blue b lh-copy">Save with</div><img loading="lazy" class="pr2 flex" src="//i5.walmartimages.com/dfw/63fd9f59-ac39/29c6759d-7f14-49fa-bd3a-b870eb4fb8fb/v1/wplus-icon-blue.svg" alt="Walmart Plus" height="20" width="20"/></div><div class="mt2 mb2"><span class="w_A w_C w_B mr1 mt1 ph1">Pickup</span><span class="w_A w_C w_B mr1 mt1 ph1">Delivery</span></div></div></div></div></div></div><div class="mb1 ph1 pa0-xl bb b--near-white w-25"><div class="h-100 pb1-xl pr4-xl pv1 ph1" style="content-visibility:auto;contain-intrinsic-size:198px 340px"><div data-item-id="43PA4SNSR05W" class="sans-serif mid-gray relative flex flex-column w-100 "><a link-identifier="10813478" class="absolute w-100 h-100 z-1" href="/ip/Totino-s-Pepperoni-Party-Pizza-Frozen-Pizza-10-2-oz/10813478"><span class="w_DY">Totino&#39;s Pepperoni Party Pizza, Frozen Pizza, 10.2 oz.<!-- --> </span></a><div class="" data-testid="list-view"><div class=""><div class="h2 relative mb2"></div><div class="relative"><div class="relative overflow-hidden" style="max-width:290px;height:0;padding-bottom:min(290px, 100%);align-self:center;width:min(290px, 100%)"><img loading="lazy" srcset="https://i5.walmartimages.com/asr/3a5a8e2d-7cdf-4a62-9c06-74f2c4f0c395.6bec32530649fe2605e57520a154dfbb.png?odnHeight=290&amp;odnWidth=290&amp;odnBg=FFFFFF 1x, https://i5.walmartimages.com/asr/3a5a8e2d-7cdf-4a62-9c06-74f2c4f0c395.6bec32530649fe2605e57520a154dfbb.png?odnHeight=580&amp;odnWidth=580&amp;odnBg=FFFFFF 2x" width="" height="" class="absolute top-0 left-0" data-testid="productTileImage" alt="" src="https://i5.walmartimages.com/asr/3a5a8e2d-7cdf-4a62-9c06-74f2c4f0c395.6bec32530649fe2605e57520a154dfbb.png?odnHeight=580&amp;odnWidth=580&amp;odnBg=FFFFFF"/></div><div class="absolute z-2 bottom--1"><button class="w_AH w_AJ w_AO pointer bn bg-blue hover-bg-dark-blue white sans-serif b w-auto ph2 flex items-center justify-center shadow-1" type="button" aria-label="Add to cart - Totino&#39;s Pepperoni Party Pizza, Frozen Pizza, 10.2 oz."><i class="ld ld-Plus" style="font-size:1.5rem;vertical-align:-0.25em" title="add to cart"></i><span class="mr2">Add</span></button></div></div><div class="mt5 mb1" style="height:24px" data-testid="variant-43PA4SNSR05W"></div></div><div class=""><div class="flex flex-wrap justify-start items-center lh-title mb2 mb1-m"><div class="b black f5 mr1 mr2-xl lh-copy f4-l" aria-hidden="true">$1.30</div><span class="w_DY">current price $1.30</span><div class="f7 f6-l gray mr1">12.7 ¢/oz</div></div><span class="w_Bd" style="-webkit-line-clamp:3;padding-bottom:0em;margin-bottom:-0em"><span class="f6 f5-l normal dark-gray mb0 mt1 lh-title">Totino&#39;s Pepperoni Party Pizza, Frozen Pizza, 10.2 oz.</span></span><div class="mv2 flex items-center"><div class="f7 mr1 blue b lh-copy">Save with</div><img loading="lazy" class="pr2 flex" src="//i5.walmartimages.com/dfw/63fd9f59-ac39/29c6759d-7f14-49fa-bd3a-b870eb4fb8fb/v1/wplus-icon-blue.svg" alt="Walmart Plus" height="20" width="20"/></div><div class="mt2 mb2"><span class="w_A w_C w_B mr1 mt1 ph1">Pickup</span><span class="w_A w_C w_B mr1 mt1 ph1">Delivery</span></div></div></div></div></div></div><div class="mb1 ph1 pa0-xl bb b--near-white w-25"><div class="h-100 pb1-xl pr4-xl pv1 ph1" style="content-visibility:auto;contain-intrinsic-size:198px 340px"><div data-item-id="4ZB7XB99X4M0" class="sans-serif mid-gray relative flex flex-column w-100 "><a link-identifier="722464215" href="https://wrd.walmart.com/track?bt=1&amp;adUid=h0y5nYJjcAxcuhMMVVEvDGq5DNfJUqEnWsPF&amp;storeId=999&amp;mloc=sp-search-middle&amp;pt=search&amp;pltfm=desktop&amp;tax=976759_976791_5774679_3790397&amp;rdf=1&amp;plmt=sp-search-middle~desktop~&amp;eventST=click&amp;spQs=sHYaWyupwNLA9bOfJJaxWNMtb3lvcEXLEJM98GdIgxTewhNW0K-2CN7YX6jj8g1VUbiJ0KuU1faPnok79_e2-I1YwHEbwV6C74Swvh5gcTo&amp;pos=9&amp;pgId=pizza&amp;rd=https%3A%2F%2Fwww.walmart.com%2Fip%2FCAULIPOWER-Veggie-Stone-fired-Cauliflower-Crust-Pizza-10-9-oz%2F722464215" class="absolute w-100 h-100 z-1"><span class="w_DY">CAULIPOWER Veggie Stone-fired Cauliflower Crust Pizza, 10.9 oz<!-- --> </span></a><div class="" data-testid="list-view"><div class=""><div class="h2 relative mb2"></div><div class="relative"><div class="relative overflow-hidden" style="max-width:290px;height:0;padding-bottom:min(290px, 100%);align-self:center;width:min(290px, 100%)"><img loading="lazy" srcset="https://i5.walmartimages.com/asr/9efd9933-cb74-4294-876f-6b48285d3433.68358aae931d283623c0b097a6060189.jpeg?odnHeight=290&amp;odnWidth=290&amp;odnBg=FFFFFF 1x, https://i5.walmartimages.com/asr/9efd9933-cb74-4294-876f-6b48285d3433.68358aae931d283623c0b097a6060189.jpeg?odnHeight=580&amp;odnWidth=580&amp;odnBg=FFFFFF 2x" width="" height="" class="absolute top-0 left-0" data-testid="productTileImage" alt="" src="https://i5.walmartimages.com/asr/9efd9933-cb74-4294-876f-6b48285d3433.68358aae931d283623c0b097a6060189.jpeg?odnHeight=580&amp;odnWidth=580&amp;odnBg=FFFFFF"/></div><div class="absolute z-2 bottom--1"><button class="w_AH w_AJ w_AO pointer bn bg-blue hover-bg-dark-blue white sans-serif b w-auto ph2 flex items-center justify-center shadow-1" type="button" aria-label="Add to cart - CAULIPOWER Veggie Stone-fired Cauliflower Crust Pizza, 10.9 oz"><i class="ld ld-Plus" style="font-size:1.5rem;vertical-align:-0.25em" title="add to cart"></i><span class="mr2">Add</span></button></div></div><div class="mt5 mb1" style="height:24px" data-testid="variant-4ZB7XB99X4M0"><div class="flex items-center lh-title h2-l normal"><span class="gray f7">Sponsored</span></div></div></div><div class=""><div class="flex flex-wrap justify-start items-center lh-title mb2 mb1-m"><div class="b black f5 mr1 mr2-xl lh-copy f4-l" aria-hidden="true">$6.48</div><span class="w_DY">current price $6.48</span><div class="f7 f6-l gray mr1">55.9 ¢/oz</div></div><span class="w_Bd" style="-webkit-line-clamp:3;padding-bottom:0em;margin-bottom:-0em"><span class="f6 f5-l normal dark-gray mb0 mt1 lh-title">CAULIPOWER Veggie Stone-fired Cauliflower Crust Pizza, 10.9 oz</span></span><div class="mv2 flex items-center"><div class="f7 mr1 blue b lh-copy">Save with</div><img loading="lazy" class="pr2 flex" src="//i5.walmartimages.com/dfw/63fd9f59-ac39/29c6759d-7f14-49fa-bd3a-b870eb4fb8fb/v1/wplus-icon-blue.svg" alt="Walmart Plus" height="20" width="20"/></div><div class="mt2 mb2"><span class="w_A w_C w_B mr1 mt1 ph1">Pickup</span><span class="w_A w_C w_B mr1 mt1 ph1">Delivery</span></div></div></div></div></div></div><div class="mb1 ph1 pa0-xl bb b--near-white w-25"><div class="h-100 pb1-xl pr4-xl pv1 ph1" style="content-visibility:auto;contain-intrinsic-size:198px 340px"><div data-item-id="4QLZGC6UVJI0" class="sans-serif mid-gray relative flex flex-column w-100 "><a link-identifier="761419570" href="https://wrd.walmart.com/track?bt=1&amp;adUid=h0y5nYJjcAxcuhMMVVEvDGq5DNfJUqEnWsPF&amp;storeId=999&amp;mloc=sp-search-middle&amp;pt=search&amp;pltfm=desktop&amp;tax=976759_976791_5774679_3790397&amp;rdf=1&amp;plmt=sp-search-middle~desktop~&amp;eventST=click&amp;spQs=sHYaWyupwNLA9bOfJJaxWNMtb3lvcEXLEJM98GdIgxRoeGVo28nIHHXVADjG97t1UbiJ0KuU1faPnok79_e2-I1YwHEbwV6C74Swvh5gcTo&amp;pos=10&amp;pgId=pizza&amp;rd=https%3A%2F%2Fwww.walmart.com%2Fip%2FCAULIPOWER-Uncured-Pepperoni-Stone-fired-Cauliflower-Crust-Pizza-11-3-oz%2F761419570" class="absolute w-100 h-100 z-1"><span class="w_DY">CAULIPOWER Uncured Pepperoni Stone-fired Cauliflower Crust Pizza, 11.3 oz<!-- --> </span></a><div class="" data-testid="list-view"><div class=""><div class="h2 relative mb2"></div><div class="relative"><div class="relative overflow-hidden" style="max-width:290px;height:0;padding-bottom:min(290px, 100%);align-self:center;width:min(290px, 100%)"><img loading="lazy" srcset="https://i5.walmartimages.com/asr/5bdb728f-ca6e-43a7-afda-64bca0b50920.2da13cd89c555ff65811bb1934a3d517.jpeg?odnHeight=290&amp;odnWidth=290&amp;odnBg=FFFFFF 1x, https://i5.walmartimages.com/asr/5bdb728f-ca6e-43a7-afda-64bca0b50920.2da13cd89c555ff65811bb1934a3d517.jpeg?odnHeight=580&amp;odnWidth=580&amp;odnBg=FFFFFF 2x" width="" height="" class="absolute top-0 left-0" data-testid="productTileImage" alt="" src="https://i5.walmartimages.com/asr/5bdb728f-ca6e-43a7-afda-64bca0b50920.2da13cd89c555ff65811bb1934a3d517.jpeg?odnHeight=580&amp;odnWidth=580&amp;odnBg=FFFFFF"/></div><div class="absolute z-2 bottom--1"><button class="w_AH w_AJ w_AO pointer bn bg-blue hover-bg-dark-blue white sans-serif b w-auto ph2 flex items-center justify-center shadow-1" type="button" aria-label="Add to cart - CAULIPOWER Uncured Pepperoni Stone-fired Cauliflower Crust Pizza, 11.3 oz"><i class="ld ld-Plus" style="font-size:1.5rem;vertical-align:-0.25em" title="add to cart"></i><span class="mr2">Add</span></button></div></div><div class="mt5 mb1" style="height:24px" data-testid="variant-4QLZGC6UVJI0"><div class="flex items-center lh-title h2-l normal"><span class="gray f7">Sponsored</span></div></div></div><div class=""><div class="flex flex-wrap justify-start items-center lh-title mb2 mb1-m"><div class="b black f5 mr1 mr2-xl lh-copy f4-l" aria-hidden="true">$6.48</div><span class="w_DY">current price $6.48</span><div class="f7 f6-l gray mr1">57.3 ¢/oz</div></div><span class="w_Bd" style="-webkit-line-clamp:3;padding-bottom:0em;margin-bottom:-0em"><span class="f6 f5-l normal dark-gray mb0 mt1 lh-title">CAULIPOWER Uncured Pepperoni Stone-fired Cauliflower Crust Pizza, 11.3 oz</span></span><div class="mv2 flex items-center"><div class="f7 mr1 blue b lh-copy">Save with</div><img loading="lazy" class="pr2 flex" src="//i5.walmartimages.com/dfw/63fd9f59-ac39/29c6759d-7f14-49fa-bd3a-b870eb4fb8fb/v1/wplus-icon-blue.svg" alt="Walmart Plus" height="20" width="20"/></div><div class="mt2 mb2"><span class="w_A w_C w_B mr1 mt1 ph1">Pickup</span><span class="w_A w_C w_B mr1 mt1 ph1">Delivery</span></div></div></div></div></div></div></div></section></div><div class="w_AZ pa0" id="SEARCH-MarqueeDisplayAd-marquee2-pizza-3"></div><div class="pt3"><div class="w_AZ pa0" id="SEARCH-SponsoredProductCarousel-bottom-pizza-3"></div></div></div></div></div></div></main></div></div><span><footer class="bg-washed-blue pt5 lh-copy relative z-0"><div class="mb5 pv1 tc"><p class="f5 mt0">We’d love to hear what you think!</p><button class="w_AH w_AK w_AO" type="button">Give feedback</button></div><div class="bg-dark-blue pv4"><ul class="center flex flex-wrap justify-center list ma0 ph4 pb4 pt3" style="max-width:1280px"><li><a link-identifier="Privacy &amp; Security" href="https://corporate.walmart.com/privacy-security" class="no-underline pointer f6 white mr4" aria-label="Privacy &amp; Security - opens in a new window" target="_blank" rel="noopener noreferrer">Privacy &amp; Security</a></li><li><a link-identifier="CA Privacy Rights" href="https://corporate.walmart.com/privacy-security/california-privacy-rights" class="no-underline pointer f6 white mr4" aria-label="CA Privacy Rights - opens in a new window" target="_blank" rel="noopener noreferrer">CA Privacy Rights</a></li><li><a link-identifier="Do Not Sell My Personal Information" href="https://www.walmart.com/account/api/ccpa-intake?native=false&amp;app=gm&amp;type=sod" class="no-underline pointer f6 white mr4" aria-label="Do Not Sell My Personal Information - opens in a new window" target="_blank" rel="noopener noreferrer">Do Not Sell My Personal Information</a></li><li><a link-identifier="Request My Personal Information" href="https://www.walmart.com/account/api/ccpa-intake?native=false&amp;app=gm&amp;type=access" class="no-underline pointer f6 white mr4" aria-label="Request My Personal Information - opens in a new window" target="_blank" rel="noopener noreferrer">Request My Personal Information</a></li><li><a link-identifier="Help" class="no-underline pointer f6 white mr4" href="/help">Help</a></li><li><a link-identifier="Terms of Use" class="no-underline pointer f6 white mr4" href="/help/article/walmart-com-terms-of-use/3b75080af40340d6bbd596f116fae5a0">Terms of Use</a></li><li><a link-identifier="All Departments" class="no-underline pointer f6 white mr4" href="/all-departments">All Departments</a></li><li><a link-identifier="Store Directory" class="no-underline pointer f6 white" href="/store/directory">Store Directory</a></li></ul><div class="pt2 f7 lh-title tc white">© 2021 Walmart. All Rights Reserved.</div></div></footer></span></div></div></div><div aria-live="assertive"></div></div><script id="__NEXT_DATA__" type="application/json" nonce="85BURRrNrX9FBnc9">{"props":{"pageProps":{"initialData":{"moduleDataByZone":{"pillsTopZone":{"name":"0825 Guided Nav Pills","version":1,"type":"PillsModule","moduleId":"d80c120b-3158-42ac-9525-9b22e6c4fbac","schedule":{"priority":1},"matchedTrigger":{"zone":"pillsTopZone"},"configs":{"__typename":"TempoWM_GLASSWWWPillsModuleConfigs","moduleSource":"guidedNav","pillsV2":[{"title":"cheese","url":"cat_id=0\u0026guided_nav=true\u0026query=cheese%20pizza\u0026src_query=pizza\u0026s_type=ref\u0026pos=0\u0026q=cheese%20pizza","image":null,"baseSeoURL":null},{"title":"stuff crust","url":"cat_id=0\u0026guided_nav=true\u0026query=stuffed%20crust%20pizza\u0026src_query=pizza\u0026s_type=ref\u0026pos=1\u0026q=stuffed%20crust%20pizza","image":null,"baseSeoURL":null},{"title":"thin crust","url":"cat_id=0\u0026guided_nav=true\u0026query=thin%20crust%20pizza\u0026src_query=pizza\u0026s_type=ref\u0026pos=2\u0026q=thin%20crust%20pizza","image":null,"baseSeoURL":null},{"title":"cauliflower","url":"cat_id=0\u0026guided_nav=true\u0026query=cauliflower%20pizza\u0026src_query=pizza\u0026s_type=ref\u0026pos=3\u0026q=cauliflower%20pizza","image":null,"baseSeoURL":null},{"title":"tombstone","url":"cat_id=0\u0026guided_nav=true\u0026query=tombstone%20pizza\u0026src_query=pizza\u0026s_type=ref\u0026pos=4\u0026q=tombstone%20pizza","image":null,"baseSeoURL":null},{"title":"red baron","url":"cat_id=0\u0026guided_nav=true\u0026query=red%20baron%20pizza\u0026src_query=pizza\u0026s_type=ref\u0026pos=5\u0026q=red%20baron%20pizza","image":null,"baseSeoURL":null},{"title":"digiorno","url":"cat_id=0\u0026guided_nav=true\u0026query=digiorno%20pizza\u0026src_query=pizza\u0026s_type=ref\u0026pos=6\u0026q=digiorno%20pizza","image":null,"baseSeoURL":null},{"title":"marketside","url":"cat_id=0\u0026guided_nav=true\u0026query=marketside%20pizza\u0026src_query=pizza\u0026s_type=ref\u0026pos=7\u0026q=marketside%20pizza","image":null,"baseSeoURL":null},{"title":"rolls","url":"cat_id=0\u0026guided_nav=true\u0026query=pizza%20rolls\u0026src_query=pizza\u0026s_type=ref\u0026pos=8\u0026q=pizza%20rolls","image":null,"baseSeoURL":null},{"title":"crust","url":"cat_id=0\u0026guided_nav=true\u0026query=pizza%20crust\u0026src_query=pizza\u0026s_type=ref\u0026pos=9\u0026q=pizza%20crust","image":null,"baseSeoURL":null}]}},"topZone3":{"name":"Default Sort \u0026 Filter","version":3,"type":"SearchSortFilterModule","moduleId":"8d6b5e69-db36-453a-bd8a-fcf0de045072","schedule":{"priority":1},"matchedTrigger":{"zone":"topZone3"},"configs":{"__typename":"_TempoWM_GLASSWWWSearchSortFilterModuleConfigs","facetsV1":[{"name":"Sort","type":"sort","layout":"default","min":null,"max":null,"selectedMin":null,"selectedMax":null,"unboundedMax":null,"stepSize":null,"values":[{"id":"best_seller","name":"Best Seller","description":null,"type":null,"itemCount":null,"isSelected":false,"baseSeoURL":null},{"id":"best_match","name":"Best Match","description":null,"type":null,"itemCount":null,"isSelected":true,"baseSeoURL":null},{"id":"price_low","name":"Price: low to high","description":null,"type":null,"itemCount":null,"isSelected":false,"baseSeoURL":null},{"id":"price_high","name":"Price: high to low","description":null,"type":null,"itemCount":null,"isSelected":false,"baseSeoURL":null}]},{"name":"In-store","type":"fulfillment_method_in_store","layout":"pill","min":null,"max":null,"selectedMin":null,"selectedMax":null,"unboundedMax":null,"stepSize":null,"values":null},{"name":"Fulfillment Method","type":"fulfillment_method","layout":"pill","min":null,"max":null,"selectedMin":null,"selectedMax":null,"unboundedMax":null,"stepSize":null,"values":[{"id":null,"name":"Pickup","description":"We'll bring it to you curbside or come inside to pick it up.","type":null,"itemCount":0,"isSelected":null,"baseSeoURL":null},{"id":null,"name":"Delivery","description":"Get your order brought to you from a store. Free with W+.","type":null,"itemCount":0,"isSelected":null,"baseSeoURL":null},{"id":null,"name":"Shipping","description":"Get your order shipped fast via FedEx or UPS.","type":null,"itemCount":0,"isSelected":null,"baseSeoURL":null}]},{"name":"Price","type":"price","layout":"pill","min":0,"max":35,"selectedMin":null,"selectedMax":null,"unboundedMax":true,"stepSize":1,"values":null},{"name":"Brand","type":"brand","layout":"pill","min":null,"max":null,"selectedMin":null,"selectedMax":null,"unboundedMax":null,"stepSize":null,"values":[{"id":null,"name":"Great Value","description":null,"type":null,"itemCount":10,"isSelected":null,"baseSeoURL":null},{"id":null,"name":"DiGiorno","description":null,"type":null,"itemCount":26,"isSelected":null,"baseSeoURL":null},{"id":null,"name":"Red Baron","description":null,"type":null,"itemCount":24,"isSelected":null,"baseSeoURL":null},{"id":null,"name":"Totino's","description":null,"type":null,"itemCount":13,"isSelected":null,"baseSeoURL":null},{"id":null,"name":"Marketside","description":null,"type":null,"itemCount":18,"isSelected":null,"baseSeoURL":null},{"id":null,"name":"Jack's","description":null,"type":null,"itemCount":1,"isSelected":null,"baseSeoURL":null},{"id":null,"name":"Sam's Choice","description":null,"type":null,"itemCount":10,"isSelected":null,"baseSeoURL":null},{"id":null,"name":"TOMBSTONE","description":null,"type":null,"itemCount":1,"isSelected":null,"baseSeoURL":null},{"id":null,"name":"California Pizza Kitchen","description":null,"type":null,"itemCount":4,"isSelected":null,"baseSeoURL":null},{"id":null,"name":"TONY'S Pizza","description":null,"type":null,"itemCount":3,"isSelected":null,"baseSeoURL":null},{"id":null,"name":"FRESCHETTA","description":null,"type":null,"itemCount":6,"isSelected":null,"baseSeoURL":null},{"id":null,"name":"Stouffer's","description":null,"type":null,"itemCount":1,"isSelected":null,"baseSeoURL":null},{"id":null,"name":"Lunchables","description":null,"type":null,"itemCount":2,"isSelected":null,"baseSeoURL":null},{"id":null,"name":"Home Run Inn","description":null,"type":null,"itemCount":1,"isSelected":null,"baseSeoURL":null},{"id":null,"name":"Screamin' Sicilian","description":null,"type":null,"itemCount":2,"isSelected":null,"baseSeoURL":null},{"id":null,"name":"CAULIPOWER","description":null,"type":null,"itemCount":5,"isSelected":null,"baseSeoURL":null},{"id":null,"name":"Chef Boyardee","description":null,"type":null,"itemCount":1,"isSelected":null,"baseSeoURL":null},{"id":null,"name":"Lean Cuisine","description":null,"type":null,"itemCount":3,"isSelected":null,"baseSeoURL":null},{"id":null,"name":"El Monterey","description":null,"type":null,"itemCount":1,"isSelected":null,"baseSeoURL":null},{"id":null,"name":"BREW PUB","description":null,"type":null,"itemCount":1,"isSelected":null,"baseSeoURL":null},{"id":null,"name":"Motor City Pizza","description":null,"type":null,"itemCount":2,"isSelected":null,"baseSeoURL":null},{"id":null,"name":"Amy's Kitchen","description":null,"type":null,"itemCount":1,"isSelected":null,"baseSeoURL":null},{"id":null,"name":"Wild Mike's","description":null,"type":null,"itemCount":1,"isSelected":null,"baseSeoURL":null},{"id":null,"name":"Celeste","description":null,"type":null,"itemCount":1,"isSelected":null,"baseSeoURL":null}]},{"name":"Departments","type":"cat_id","layout":"default","min":null,"max":null,"selectedMin":null,"selectedMax":null,"unboundedMax":null,"stepSize":null,"values":[{"id":"976759","name":"Food","description":null,"type":"cat_id","itemCount":157,"isSelected":null,"baseSeoURL":"/browse/food/976759"}]},{"name":"Fulfillment Speed","type":"fulfillment_speed","layout":"pill","min":null,"max":null,"selectedMin":null,"selectedMax":null,"unboundedMax":null,"stepSize":null,"values":[{"id":null,"name":"Today","description":null,"type":null,"itemCount":0,"isSelected":null,"baseSeoURL":null},{"id":null,"name":"Tomorrow","description":null,"type":null,"itemCount":0,"isSelected":null,"baseSeoURL":null},{"id":null,"name":"2 days","description":null,"type":null,"itemCount":0,"isSelected":null,"baseSeoURL":null},{"id":null,"name":"Anytime","description":null,"type":null,"itemCount":0,"isSelected":null,"baseSeoURL":null}]},{"name":"Size","type":"size","layout":"default","min":null,"max":null,"selectedMin":null,"selectedMax":null,"unboundedMax":null,"stepSize":null,"values":[{"id":null,"name":"10-\"","description":null,"type":null,"itemCount":8,"isSelected":null,"baseSeoURL":null}]},{"name":"Category","type":"category","layout":"default","min":null,"max":null,"selectedMin":null,"selectedMax":null,"unboundedMax":null,"stepSize":null,"values":[{"id":null,"name":"Frozen Pizzas","description":null,"type":null,"itemCount":33,"isSelected":null,"baseSeoURL":null},{"id":null,"name":"Pizzas","description":null,"type":null,"itemCount":1,"isSelected":null,"baseSeoURL":null},{"id":null,"name":"Prepared Foods","description":null,"type":null,"itemCount":1,"isSelected":null,"baseSeoURL":null},{"id":null,"name":"Exotic Meats","description":null,"type":null,"itemCount":1,"isSelected":null,"baseSeoURL":null},{"id":null,"name":"Frozen Meals \u0026 Entrees","description":null,"type":null,"itemCount":1,"isSelected":null,"baseSeoURL":null}]},{"name":"Customer Rating","type":"customer_rating","layout":"default","min":null,"max":null,"selectedMin":null,"selectedMax":null,"unboundedMax":null,"stepSize":null,"values":[{"id":null,"name":"4 - 5 Stars","description":null,"type":null,"itemCount":0,"isSelected":null,"baseSeoURL":null},{"id":null,"name":"3 - 3.9 Stars","description":null,"type":null,"itemCount":0,"isSelected":null,"baseSeoURL":null},{"id":null,"name":"2 - 2.9 Stars","description":null,"type":null,"itemCount":0,"isSelected":null,"baseSeoURL":null},{"id":null,"name":"1 - 1.9 Stars","description":null,"type":null,"itemCount":0,"isSelected":null,"baseSeoURL":null}]},{"name":"Flavor","type":"flavor","layout":"default","min":null,"max":null,"selectedMin":null,"selectedMax":null,"unboundedMax":null,"stepSize":null,"values":[{"id":null,"name":"Cheese","description":null,"type":null,"itemCount":16,"isSelected":null,"baseSeoURL":null},{"id":null,"name":"Original","description":null,"type":null,"itemCount":1,"isSelected":null,"baseSeoURL":null}]},{"name":"Special Offers","type":"special_offers","layout":"default","min":null,"max":null,"selectedMin":null,"selectedMax":null,"unboundedMax":null,"stepSize":null,"values":[{"id":null,"name":"Clearance","description":null,"type":null,"itemCount":4,"isSelected":null,"baseSeoURL":null}]},{"name":"Special Diet Needs","type":"dietary_need","layout":"default","min":null,"max":null,"selectedMin":null,"selectedMax":null,"unboundedMax":null,"stepSize":null,"values":[{"id":null,"name":"Cholesterol-Free","description":null,"type":null,"itemCount":1,"isSelected":null,"baseSeoURL":null},{"id":null,"name":"Dairy-Free","description":null,"type":null,"itemCount":1,"isSelected":null,"baseSeoURL":null},{"id":null,"name":"GMO-Free","description":null,"type":null,"itemCount":1,"isSelected":null,"baseSeoURL":null},{"id":null,"name":"Gluten-Free","description":null,"type":null,"itemCount":8,"isSelected":null,"baseSeoURL":null},{"id":null,"name":"High Protein","description":null,"type":null,"itemCount":2,"isSelected":null,"baseSeoURL":null},{"id":null,"name":"Kosher","description":null,"type":null,"itemCount":2,"isSelected":null,"baseSeoURL":null},{"id":null,"name":"Organic","description":null,"type":null,"itemCount":2,"isSelected":null,"baseSeoURL":null},{"id":null,"name":"Soy-Free","description":null,"type":null,"itemCount":1,"isSelected":null,"baseSeoURL":null},{"id":null,"name":"Trans Fat-Free","description":null,"type":null,"itemCount":2,"isSelected":null,"baseSeoURL":null},{"id":null,"name":"Vegan","description":null,"type":null,"itemCount":6,"isSelected":null,"baseSeoURL":null},{"id":null,"name":"Wheat-Free","description":null,"type":null,"itemCount":3,"isSelected":null,"baseSeoURL":null},{"id":null,"name":"Whole Grain","description":null,"type":null,"itemCount":2,"isSelected":null,"baseSeoURL":null}]},{"name":"Nutritional Content","type":"nutrient_content_claims","layout":"default","min":null,"max":null,"selectedMin":null,"selectedMax":null,"unboundedMax":null,"stepSize":null,"values":[{"id":null,"name":"Cholesterol-Free","description":null,"type":null,"itemCount":1,"isSelected":null,"baseSeoURL":null},{"id":null,"name":"Dairy-Free","description":null,"type":null,"itemCount":1,"isSelected":null,"baseSeoURL":null},{"id":null,"name":"GMO-Free","description":null,"type":null,"itemCount":1,"isSelected":null,"baseSeoURL":null},{"id":null,"name":"Gluten-Free","description":null,"type":null,"itemCount":8,"isSelected":null,"baseSeoURL":null},{"id":null,"name":"High Protein","description":null,"type":null,"itemCount":2,"isSelected":null,"baseSeoURL":null},{"id":null,"name":"Kosher","description":null,"type":null,"itemCount":2,"isSelected":null,"baseSeoURL":null},{"id":null,"name":"ORGANIC","description":null,"type":null,"itemCount":2,"isSelected":null,"baseSeoURL":null},{"id":null,"name":"Organic","description":null,"type":null,"itemCount":2,"isSelected":null,"baseSeoURL":null},{"id":null,"name":"Soy-Free","description":null,"type":null,"itemCount":1,"isSelected":null,"baseSeoURL":null},{"id":null,"name":"Trans Fat-Free","description":null,"type":null,"itemCount":2,"isSelected":null,"baseSeoURL":null},{"id":null,"name":"Vegan","description":null,"type":null,"itemCount":6,"isSelected":null,"baseSeoURL":null},{"id":null,"name":"Wheat-Free","description":null,"type":null,"itemCount":3,"isSelected":null,"baseSeoURL":null},{"id":null,"name":"Whole Grain","description":null,"type":null,"itemCount":2,"isSelected":null,"baseSeoURL":null}]},{"name":"Retailer","type":"retailer_type","layout":"default","min":null,"max":null,"selectedMin":null,"selectedMax":null,"unboundedMax":null,"stepSize":null,"values":[{"id":null,"name":"Walmart","description":null,"type":null,"itemCount":171,"isSelected":null,"baseSeoURL":null},{"id":null,"name":"Pro Sellers","description":null,"type":null,"itemCount":1,"isSelected":null,"baseSeoURL":null}]},{"name":"Benefit Cards","type":"snap_eligible","layout":"default","min":null,"max":null,"selectedMin":null,"selectedMax":null,"unboundedMax":null,"stepSize":null,"values":[{"id":null,"name":"EBT food eligible","description":null,"type":null,"itemCount":171,"isSelected":null,"baseSeoURL":null}]}]}},"bottomZone1":{"name":"Marquee Display Ad BTF","version":3,"type":"MarqueeDisplayAd","moduleId":"986350d5-0bd6-4feb-916f-b7081f246aeb","schedule":{"priority":1},"matchedTrigger":{"zone":"bottomZone1"},"configs":{"__typename":"TempoWM_GLASSWWWMarqueeDisplayAdConfigs","_rawConfigs":{"moduleLocation":"marquee2","lazy":"1000"},"ad":null}},"topZone2":{"name":"Search Brand Amplifier Ad","version":2,"type":"BrandAmplifierAd","moduleId":"ce73cb9e-2029-4083-80c4-d6aced706cf0","schedule":{"priority":1},"matchedTrigger":{"zone":"topZone2"},"configs":{"__typename":"TempoWM_GLASSWWWBrandAmplifierAdConfigs","_rawConfigs":{"moduleLocation":"top"},"moduleLocation":"top","ad":{"status":"SUCCESS","moduleType":"BrandAmplifierAd","platform":"DESKTOP","pageId":"pizza","pageType":"SEARCH","storeId":"999","stateCode":"TX","zipCode":"78242","pageContext":{"searchNormalize":{"normalized_query":"pizza","original_query":"pizza","rewritten_query":"pizza","specificity":"broad","top_query_cat_path":"/976759/976791/5774679/3790397","top_query_cat_path_name":"/Food/Frozen Foods/Frozen Pizza, Pasta, \u0026 Breads/Frozen Meat Pizzas","analytics_log":{"fe_log":{"tq":1,"dept":"/976759/976791/5774679/3790397","g":"S","s":"b","trf":"ht"}}}},"moduleConfigs":{"moduleLocation":"top"},"adsContext":{"locationContext":{"zipCode":"78242","stateCode":"TX","storeId":"999","pickupStore":null,"deliveryStore":null,"intent":null,"incatchment":true},"itemId":"","categoryId":"976759_976791_5774679_3790397","categoryName":"Food/Frozen Foods/Frozen Pizza, Pasta, \u0026 Breads/Frozen Meat Pizzas","brand":"","productName":"","productTypeId":"","normKeyword":"pizza","verticalId":"","dedupeList":[""]},"adRequestComposite":{"isDebug":false,"isManualShelf":false,"keyword":"pizza"},"adContent":{"type":"SPONSORED_PRODUCTS","data":{"__typename":"SponsoredBrands","adUuid":"c57c1e22-20b1-45d4-b1f1-ea285850015c","adExpInfo":null,"moduleInfo":"{\"adExpId\":\"\",\"bucketId\":\"2243\"}","brands":[]}}}}},"topZone5":{"name":"Search Fitment Module","version":2,"type":"SearchFitment","moduleId":"4e756e28-80b7-499d-aae4-b46bbc21b554","schedule":{"priority":1},"matchedTrigger":{"zone":"topZone5"},"configs":{"__typename":"TempoWM_GLASSWWWSearchFitmentModuleConfigs","fitments":null}},"topZone6":{"name":"Search Non Item Module","version":1,"type":"SearchNonItem","moduleId":"8a6208c9-6ee9-4d9e-96a3-3b2cad2d690e","schedule":{"priority":1},"matchedTrigger":{"zone":"topZone6"},"configs":{"title":null,"subTitle":null,"urlLinkText":null,"url":null,"__typename":"TempoWM_GLASSWWWSearchNonItemConfigs"}},"topZone1":{"name":"Skyline Display Ad","version":2,"type":"SkylineDisplayAd","moduleId":"d82a07bd-471a-46ef-9926-63ae0bd7dbc2","schedule":{"priority":1},"matchedTrigger":{"zone":"topZone1"},"configs":{"__typename":"TempoWM_GLASSWWWSkylineDisplayAdConfigs","_rawConfigs":{"moduleLocation":"top"},"ad":{"status":"SUCCESS","moduleType":"SkylineDisplayAd","platform":"DESKTOP","pageId":"pizza","pageType":"SEARCH","storeId":"999","stateCode":"TX","zipCode":"78242","pageContext":{"searchNormalize":{"normalized_query":"pizza","original_query":"pizza","rewritten_query":"pizza","specificity":"broad","top_query_cat_path":"/976759/976791/5774679/3790397","top_query_cat_path_name":"/Food/Frozen Foods/Frozen Pizza, Pasta, \u0026 Breads/Frozen Meat Pizzas","analytics_log":{"fe_log":{"tq":1,"dept":"/976759/976791/5774679/3790397","g":"S","s":"b","trf":"ht"}}}},"moduleConfigs":{"moduleLocation":"top"},"adsContext":{"locationContext":{"zipCode":"78242","stateCode":"TX","storeId":"999","pickupStore":null,"deliveryStore":null,"intent":null,"incatchment":true},"itemId":"","categoryId":"976759_976791_5774679_3790397","categoryName":"Food/Frozen Foods/Frozen Pizza, Pasta, \u0026 Breads/Frozen Meat Pizzas","brand":"","productName":"","productTypeId":"","normKeyword":"pizza","verticalId":"","dedupeList":[""]},"adRequestComposite":{"isDebug":false,"isManualShelf":false,"keyword":"pizza"},"adContent":{"type":"DISPLAY_AD","data":{"__typename":"DisplayAd","json":{"uuId":"27843018-4da2-4f2e-bf9d-c7a6e2e38ace","advertiserID":"5002622133","subhead":"Tasty \u0026 crunchy toppings.","viewIVT3PVendor1":"","adUnitID":"22268430597","headline":"Crusts worth craving","logoImage":"https://tpc.googlesyndication.com/simgad/14380756469758192135?","impTracker3PURL2":"","cta":"Shop now","impTracker3PURL1":"","viewIVT3PVendor2":"","imageAltText":"Crunchy toppings \u0026 melty mozzarella from Freschetta.","impTracker3PURL3":"","viewIVT3PURL1":"","mainImage":"","orderID":"2890323063","logoAltText":"Freschetta","viewIVT3PURL2":"","IMPRESSION_URLS":["https://securepubads.g.doubleclick.net/pcs/view?xai=AKAOjsthGaD72b3c25nbYixV7d97Pf12htXi6Wcqh73efqFdFA-B3IK8Y_jYiMI5opF6gg-xXQDfJsc2c2NvmXFC67soDbh09ROXPTGwGY2cIXmIG4kD_flouaWgjbSqCzm6OXshhYW6ph31c1XBeegWNoWaOISGCIgMAANrNAR_figFQ05bRjCTuu3xDfcscrWKHNQ2vpB3klOL5nueW8NZ1TP8sCxOH_vqQnAZuzZmt0ISJrfTl1VZgG7q6e2CeXuLPeKkEzpBsJZvPLv1bJsOSVp2xKPM5QdSaGQG7FvqWmY9qr5Tx_gx32XSRds5ukBYVWKvQ5hAQsoHUFKMAOQDhvhKK-bo1XjtO9a0GWp-uA8toIPlAxI\u0026sai=AMfl-YS96AX21a4_0gqjDZ76qzVigt6NrncBJOwFsPcBvcuQmJK4BiAD6imgO40cFQHS0i-VlbvepjQyDMqbdkGNenGst_D-S6Ct6lMxpoxqbQ5Z3H-y0-4\u0026sig=Cg0ArKJSzNk7DAJGbMYTEAE\u0026uach_m=[UACH]\u0026urlfix=1\u0026adurl="],"DEST_URL":"https://adclick.g.doubleclick.net/pcs/click?xai=AKAOjssU1Hp7Ru9VsGpqYktXrOHLrZ7rn7mQHhZFDYLuaoR3nkUWTqJJfhrSJEloDPQqHQtBm99n1h5bhUesfT_fTzOnlfEvFoB6l6KRPT1GPDlyauaGI4uAfir9PAG442J8n1G94UvaYCxakB1wyXSfnMmN2A4TiE2q9U5Ma7O9-PtZU1oB7LuX85TUifjjIS1vUGtFRsNguDIQsMJRvxWoj7gI22sqrNf-t0MPTLqaXPCxsXY_u21lOxrQw8PR7ELhsd0bJi84dBdskd0EO3dIW1EE-0GE0PwIRXHgivAu1GOIDb6tTa1yX7-iSOqUDtORDF1Eq5RBJZOkifZQc5ZILxdBr7v6MK_WhMIvch4L\u0026sai=AMfl-YQ8t8KWt_rjUKesp05gsQDQ9PAaJMKywsyFZseOCRPcRZMlineO5waF8TMbqBm0VthvWx5ZCEyVLukPtvwRR92839nv1isgJQzHKs-I\u0026sig=Cg0ArKJSzARhVt2-IT1gEAE\u0026fbs_aeid=[gw_fbsaeid]\u0026urlfix=1\u0026adurl=https://www.walmart.com/browse/freschetta-pizza/0/0/%3F_refineresult%3Dtrue%26_be_shelf_id%3D5381166%26search_sort%3D100%26facet%3Dshelf_id:5381166","metaData":{"custom_template_id":"12009286","cacheBuster":1634251095084,"dfpParams":{"correlator":"379102729997","native_custom_templates":"12009286,11759350,12050531,11759350","userAgent":"Mozilla/5.0 (Windows NT 10.0; Win64; x64) AppleWebKit/537.36 (KHTML, like Gecko) Chrome/94.0.4606.81 Safari/537.36","clientIp":"24.242.57.82","dfpTag":"/55875582/WMUS/search/food/frozenfoods/frozenpizzapastabreads/frozenmeatpizzas","targeting":{"env":"prod","ivt":"","correlator":"3OfHcaN2Vdh-41Fka6TRdbDnGcSnjK9ffTij","ptype":"search","login":"no","s2s":"true","framework":"glass","wmppid":"d1fd2bb3fb46e62d22d25f683bfb3e8e3d49b849c4810fb2754d381a47371d59","usrTax":"976759_976791_5774679_3790397","categoryId":"3790397","catPathName":"Food/Frozen Foods/Frozen Pizza, Pasta, \u0026 Breads/Frozen Meat Pizzas","xpa":"CrlKe,LVOQy,Lqf76,OcF91,Si9iN,_51B3,hmexM,iYZS1,mFXBT,rPe7R,vE-E8,wTIF0,zgen4","vtc":"YgorzntHIaanZRL5u-_vtw","vtcBucket":"1","bstc":"cEMqbsWPuJsoZ284x12ifo","ivtTorbot":"zinc=???SBC?????EJADHI@AF??; asn=11427; country=US; usertype=residential;","ivtScore":"0","location":"skyline1","tile":"1","search":"pizza","sessId":"27843018-4da2-4f2e-bf9d-c7a6e2e38ace-skyline1"}},"dfpResponse":{"googleLineitemId":"5758830613","googleCreativeId":"138360304289"},"isInternal":false,"beaconDebug":{"ip":"24.242.57.82","forwardedIP":"24.242.57.82","cacheBuster":1634251095084}}},"status":"SUCCESS"}}}}},"bottomZone2":{"name":"Sponsored Product Carousel - rweb","version":2,"type":"SponsoredProductCarousel","moduleId":"304f501d-075d-4a59-89aa-6e23bf0fdb64","schedule":{"priority":1},"matchedTrigger":{"zone":"bottomZone2"},"configs":{"__typename":"TempoWM_GLASSWWWSponsoredProductCarouselConfigs","_rawConfigs":{"title":"Products you may also like","moduleLocation":"bottom","lazy":"1000"}}}},"layoutContainerData":{"type":"container","flow":"vertical","content":[{"type":"container","flow":"vertical","content":{"type":"slot","id":"top","mapping":[{"type":"ZONE","options":{"refId":"topZone1"}},{"type":"ZONE","options":{"refId":"topZone2"}},{"type":"ZONE","options":{"refId":"topZone3"}},{"type":"ZONE","options":{"refId":"pillsTopZone"}},{"type":"ZONE","options":{"refId":"topZone4"}},{"type":"ZONE","options":{"refId":"topZone5"}},{"type":"ZONE","options":{"refId":"topZone6"}},{"type":"ZONE","options":{"refId":"topZone7"}}]}},{"type":"container","flow":"vertical","content":{"type":"slot","id":"stacks","mapping":[{"type":"EXTERNAL","options":{"refId":"stacks1","tempoLabel":"Stacks Zone","displayInTempo":true}},{"type":"ZONE","options":{"refId":"bottomZone1"}},{"type":"ZONE","options":{"refId":"bottomZone2"}},{"type":"ZONE","options":{"refId":"bottomZone3"}},{"type":"ZONE","options":{"refId":"bottomZone4"}},{"type":"ZONE","options":{"refId":"bottomZone5"}}]}}]},"searchResult":{"title":"Results for \"pizza\"","aggregatedCount":186,"breadCrumb":null,"debug":{"sisUrl":"http://search-interface.walmart.net/v1/search?query=pizza\u0026facet=\u0026stores=999\u0026cat_id=\u0026sort=best_match\u0026page=3\u0026min_price=\u0026max_price=\u0026spelling=true\u0026ptss=\u0026trsp=\u0026prg=desktop\u0026affinityOverride=store_led\u0026storeSlotBooked=\u0026stateOrProvinceCode=TX\u0026ps=40\u0026zipcode=78242\u0026recall_set=\u0026inCatchment=true\u0026latitude=29.3531\u0026longitude=-98.614\u0026extended_zipcode=78242\u0026addressId="},"itemStacks":[{"displayMessage":null,"meta":{"adsBeacon":{"adUuid":"h0y5nYJjcAxcuhMMVVEvDGq5DNfJUqEnWsPF","moduleInfo":"{\"adUuid\":\"h0y5nYJjcAxcuhMMVVEvDGq5DNfJUqEnWsPF\"}","max_ads":8},"query":"pizza","stackId":0,"stackType":"STORE_LED","title":null,"layoutEnum":"GRID","totalItemCount":null,"totalItemCountDisplay":null,"viewAllParams":null},"itemsV2":null,"title":"","totalItemCountDisplay":"","count":0,"items":[{"__typename":"Product","availabilityStatusDisplayValue":"In stock","productLocationDisplayValue":null,"externalInfoUrl":"","canonicalUrl":"/ip/CAULIPOWER-Margherita-Stone-fired-Cauliflower-Crust-Pizza-10-9-oz/615063634","canAddToCart":true,"showOptions":false,"description":"Our Margherita Pizza is a nutritious spin on a classic fave, using our delicious crust thats made with real cauliflower as the base, and topping it with vine-ripened tomatoes and a melty mix of","flag":"","fulfillmentBadges":["Pickup","Delivery"],"fulfillmentIcon":{"key":"SAVE_WITH_W_PLUS","label":"Save with"},"fulfillmentBadge":"Today","fulfillmentSpeed":["TODAY"],"fulfillmentType":"STORE","id":"26XS38G5IVMV","usItemId":"615063634","image":"https://i5.walmartimages.com/asr/22eb6920-ac0a-4838-9e26-8eea5aba1078.977644a39e039a26fbb4c400c30d4397.jpeg?odnHeight=180\u0026odnWidth=180\u0026odnBg=ffffff","isOutOfStock":false,"esrb":"","mediaRating":"","name":"CAULIPOWER Margherita Stone-fired Cauliflower Crust Pizza, 10.9 oz","price":6.48,"preOrder":{"isPreOrder":false,"preOrderMessage":null,"preOrderStreetDateMessage":null},"priceInfo":{"itemPrice":"","linePrice":"$6.48","wasPrice":"","unitPrice":"59.4 ¢/oz","shipPrice":"","minPriceForVariant":"","subscriptionPrice":"","subscriptionString":"","priceDisplayCondition":"","finalCostByWeight":false,"submapType":""},"rating":{"averageRating":0,"numberOfReviews":0},"salesUnit":"EACH","variantList":[],"isVariantTypeSwatch":false,"brand":null,"manufacturerName":null,"offerId":"D0E48A3FD16341E894FC953C2DC18DF4","fitmentLabel":"","isAtfMarker":false,"sellerId":"F55CDC31AB754BB68FE0B39041159D63","sellerName":"Walmart.com","hasSellerBadge":null,"seller":{"name":"Walmart.com","sellerId":"F55CDC31AB754BB68FE0B39041159D63"},"sponsoredProduct":{"spQs":"sHYaWyupwNLA9bOfJJaxWNMtb3lvcEXLEJM98GdIgxTwdZw9lT_0IyWyjj4KVEV9UbiJ0KuU1faPnok79_e2-I1YwHEbwV6C74Swvh5gcTo","clickBeacon":"https://wrd.walmart.com/track?bt=__bt__\u0026adUid=h0y5nYJjcAxcuhMMVVEvDGq5DNfJUqEnWsPF\u0026storeId=999\u0026mloc=sp-search-middle\u0026pt=search\u0026pltfm=desktop\u0026tax=976759_976791_5774679_3790397\u0026rdf=0\u0026plmt=__plmt__\u0026eventST=__eventST__\u0026spQs=sHYaWyupwNLA9bOfJJaxWNMtb3lvcEXLEJM98GdIgxTwdZw9lT_0IyWyjj4KVEV9UbiJ0KuU1faPnok79_e2-I1YwHEbwV6C74Swvh5gcTo\u0026pos=__pos__\u0026pgId=pizza","spTags":null}},{"__typename":"Product","availabilityStatusDisplayValue":"In stock","productLocationDisplayValue":null,"externalInfoUrl":"","canonicalUrl":"/ip/CAULIPOWER-Gluten-Free-Italian-Sausage-Vegetables-Pizza-11-55-Oz-Frozen/638364431","canAddToCart":true,"showOptions":false,"description":"Our Italian Sausage \u0026 Vegetables Pizza pairs our delicious crust thats made with real cauliflower with melt-in-your-mouth mozzarella, red bell peppers, red onions, and zesty Italian sausage with","flag":"","fulfillmentBadges":["Pickup","Delivery"],"fulfillmentIcon":{"key":"SAVE_WITH_W_PLUS","label":"Save with"},"fulfillmentBadge":"Today","fulfillmentSpeed":["TODAY"],"fulfillmentType":"STORE","id":"5SBWRJVSTXYA","usItemId":"638364431","image":"https://i5.walmartimages.com/asr/859c32cc-2019-4310-bbee-f82af17b242a.1567de408130cbd8ee89265a8e8af69c.jpeg?odnHeight=180\u0026odnWidth=180\u0026odnBg=ffffff","isOutOfStock":false,"esrb":"","mediaRating":"","name":"CAULIPOWER Gluten-Free Italian Sausage \u0026 Vegetables Pizza, 11.55 Oz (Frozen)","price":6.48,"preOrder":{"isPreOrder":false,"preOrderMessage":null,"preOrderStreetDateMessage":null},"priceInfo":{"itemPrice":"","linePrice":"$6.48","wasPrice":"","unitPrice":"56.1 ¢/oz","shipPrice":"","minPriceForVariant":"","subscriptionPrice":"","subscriptionString":"","priceDisplayCondition":"","finalCostByWeight":false,"submapType":""},"rating":{"averageRating":0,"numberOfReviews":0},"salesUnit":"EACH","variantList":[],"isVariantTypeSwatch":false,"brand":null,"manufacturerName":null,"offerId":"D3D60339F99642B58752958C73B286D5","fitmentLabel":"","isAtfMarker":false,"sellerId":"F55CDC31AB754BB68FE0B39041159D63","sellerName":"Walmart.com","hasSellerBadge":null,"seller":{"name":"Walmart.com","sellerId":"F55CDC31AB754BB68FE0B39041159D63"},"sponsoredProduct":{"spQs":"sHYaWyupwNLA9bOfJJaxWNMtb3lvcEXLEJM98GdIgxTJuRITKpiagSUHfWkibzlCUbiJ0KuU1faPnok79_e2-I1YwHEbwV6C74Swvh5gcTo","clickBeacon":"https://wrd.walmart.com/track?bt=__bt__\u0026adUid=h0y5nYJjcAxcuhMMVVEvDGq5DNfJUqEnWsPF\u0026storeId=999\u0026mloc=sp-search-middle\u0026pt=search\u0026pltfm=desktop\u0026tax=976759_976791_5774679_3790397\u0026rdf=0\u0026plmt=__plmt__\u0026eventST=__eventST__\u0026spQs=sHYaWyupwNLA9bOfJJaxWNMtb3lvcEXLEJM98GdIgxTJuRITKpiagSUHfWkibzlCUbiJ0KuU1faPnok79_e2-I1YwHEbwV6C74Swvh5gcTo\u0026pos=__pos__\u0026pgId=pizza","spTags":null}},{"__typename":"Product","availabilityStatusDisplayValue":"In stock","productLocationDisplayValue":null,"externalInfoUrl":"","canonicalUrl":"/ip/Motor-City-Four-Cheese-Detroit-Style-Deep-Dish-Pizza-25-84-oz-Frozen/504054104","canAddToCart":true,"showOptions":false,"description":"Motor City Detroit Style 4 Cheese Pizza","flag":"","fulfillmentBadges":["Pickup","Delivery"],"fulfillmentIcon":{"key":"SAVE_WITH_W_PLUS","label":"Save with"},"fulfillmentBadge":"Today","fulfillmentSpeed":["TODAY"],"fulfillmentType":"STORE","id":"2YKX8HK2QNOP","usItemId":"504054104","image":"https://i5.walmartimages.com/asr/0e41bfbb-df26-4c80-9b6d-6fbab1efe037_1.1c02f8b29f4f52ff7110aa02b02ad00f.jpeg?odnHeight=180\u0026odnWidth=180\u0026odnBg=ffffff","isOutOfStock":false,"esrb":"","mediaRating":"","name":"Motor City Four Cheese Detroit Style Deep Dish Pizza, 25.84 oz (Frozen)","price":6.6,"preOrder":{"isPreOrder":false,"preOrderMessage":null,"preOrderStreetDateMessage":null},"priceInfo":{"itemPrice":"","linePrice":"$6.60","wasPrice":"","unitPrice":"25.5 ¢/oz","shipPrice":"","minPriceForVariant":"","subscriptionPrice":"","subscriptionString":"","priceDisplayCondition":"","finalCostByWeight":false,"submapType":""},"rating":{"averageRating":0,"numberOfReviews":0},"salesUnit":"EACH","variantList":[],"isVariantTypeSwatch":false,"brand":null,"manufacturerName":null,"offerId":"346BE7EFC1584025A8B747B3798C3B2D","fitmentLabel":"","isAtfMarker":false,"sellerId":"F55CDC31AB754BB68FE0B39041159D63","sellerName":"Walmart.com","hasSellerBadge":null,"seller":{"name":"Walmart.com","sellerId":"F55CDC31AB754BB68FE0B39041159D63"},"sponsoredProduct":null},{"__typename":"Product","availabilityStatusDisplayValue":"In stock","productLocationDisplayValue":null,"externalInfoUrl":"","canonicalUrl":"/ip/DIGIORNO-Pepperoni-Frozen-Personal-Pizza-on-a-Traditional-Crust-9-3-oz/10293067","canAddToCart":true,"showOptions":false,"description":"\u003cli\u003eEnjoy the DIGIORNO taste you love in a smaller size with DIGIORNO Pepperoni Frozen Personal Pizza on a Traditional Crust. The DIGIORNO frozen pizza is topped with pepperoni and real mozzarella,\u003c/li\u003e","flag":"","fulfillmentBadges":["Pickup","Delivery"],"fulfillmentIcon":{"key":"SAVE_WITH_W_PLUS","label":"Save with"},"fulfillmentBadge":"Today","fulfillmentSpeed":["TODAY"],"fulfillmentType":"STORE","id":"5WL76ZT3E6E8","usItemId":"10293067","image":"https://i5.walmartimages.com/asr/e9a902a1-3eca-4468-9e44-c0a46ab91238.7acf21a4acf485952cf17067abe111b7.jpeg?odnHeight=180\u0026odnWidth=180\u0026odnBg=ffffff","isOutOfStock":false,"esrb":"","mediaRating":"","name":"DIGIORNO Pepperoni Frozen Personal Pizza on a Traditional Crust 9.3 oz.","price":3.5,"preOrder":{"isPreOrder":false,"preOrderMessage":null,"preOrderStreetDateMessage":null},"priceInfo":{"itemPrice":"","linePrice":"$3.50","wasPrice":"","unitPrice":"37.6 ¢/oz","shipPrice":"","minPriceForVariant":"","subscriptionPrice":"","subscriptionString":"","priceDisplayCondition":"","finalCostByWeight":false,"submapType":""},"rating":{"averageRating":0,"numberOfReviews":0},"salesUnit":"EACH","variantList":[],"isVariantTypeSwatch":false,"brand":null,"manufacturerName":null,"offerId":"21AD6B9A850E49FEB74504E4EC688B0E","fitmentLabel":"","isAtfMarker":false,"sellerId":"F55CDC31AB754BB68FE0B39041159D63","sellerName":"Walmart.com","hasSellerBadge":null,"seller":{"name":"Walmart.com","sellerId":"F55CDC31AB754BB68FE0B39041159D63"},"sponsoredProduct":null},{"__typename":"Product","availabilityStatusDisplayValue":"In stock","productLocationDisplayValue":null,"externalInfoUrl":"","canonicalUrl":"/ip/Screamin-Sicilian-Original-Holy-Pepperoni-Pizza-22-3-oz/42794630","canAddToCart":true,"showOptions":false,"description":"\u003cli\u003eThe mother of all pepperoni pizzas\u003c/li\u003e\u003cli\u003eZesty Italian tomato sauce\u003c/li\u003e\u003cli\u003eWisconsin whole milk mozzarella\u003c/li\u003e","flag":"","fulfillmentBadges":["Pickup","Delivery"],"fulfillmentIcon":{"key":"SAVE_WITH_W_PLUS","label":"Save with"},"fulfillmentBadge":"Today","fulfillmentSpeed":["TODAY"],"fulfillmentType":"STORE","id":"6BSX9Z39WMIQ","usItemId":"42794630","image":"https://i5.walmartimages.com/asr/6dbcc332-180b-4f12-8a38-15fdbb8c1b1b.c4ef4e426ea54f0ec95146bcfb24535f.jpeg?odnHeight=180\u0026odnWidth=180\u0026odnBg=ffffff","isOutOfStock":false,"esrb":"","mediaRating":"","name":"Screamin' Sicilian Original Holy Pepperoni Pizza, 22.3 oz","price":6.23,"preOrder":{"isPreOrder":false,"preOrderMessage":null,"preOrderStreetDateMessage":null},"priceInfo":{"itemPrice":"","linePrice":"$6.23","wasPrice":"","unitPrice":"27.9 ¢/oz","shipPrice":"","minPriceForVariant":"","subscriptionPrice":"","subscriptionString":"","priceDisplayCondition":"","finalCostByWeight":false,"submapType":""},"rating":{"averageRating":0,"numberOfReviews":0},"salesUnit":"EACH","variantList":[],"isVariantTypeSwatch":false,"brand":null,"manufacturerName":null,"offerId":"55792069A36C4CCA92DA333FFDAADC67","fitmentLabel":"","isAtfMarker":false,"sellerId":"F55CDC31AB754BB68FE0B39041159D63","sellerName":"Walmart.com","hasSellerBadge":null,"seller":{"name":"Walmart.com","sellerId":"F55CDC31AB754BB68FE0B39041159D63"},"sponsoredProduct":null},{"__typename":"Product","availabilityStatusDisplayValue":"In stock","productLocationDisplayValue":null,"externalInfoUrl":"","canonicalUrl":"/ip/Marketside-Large-Cheese-Stuffed-Crust-Pepperoni-Pizza-46-oz/824205700","canAddToCart":true,"showOptions":false,"description":"\u003cli\u003eMade with mozzarella, asiago, gruyere, fontina cheese, vine ripened roma tomato sauce, fresh basil and deli sliced pepperoni.\u003c/li\u003e\u003cli\u003eCheese stuffed crust\u003c/li\u003e\u003cli\u003e100% real cheese\u003c/li\u003e\u003cli\u003eUSDA\u003c/li\u003e","flag":"","fulfillmentBadges":["Pickup","Delivery"],"fulfillmentIcon":{"key":"SAVE_WITH_W_PLUS","label":"Save with"},"fulfillmentBadge":"Today","fulfillmentSpeed":["TODAY"],"fulfillmentType":"STORE","id":"4ZXEN9DAVELU","usItemId":"824205700","image":"https://i5.walmartimages.com/asr/8c1d2392-89e5-4b82-a9e8-4a9ca2cf990e_1.15c5836cbb711450d23a144b7b2d3e97.jpeg?odnHeight=180\u0026odnWidth=180\u0026odnBg=ffffff","isOutOfStock":false,"esrb":"","mediaRating":"","name":"Marketside Large Cheese-Stuffed Crust Pepperoni Pizza, 46 oz","price":9,"preOrder":{"isPreOrder":false,"preOrderMessage":null,"preOrderStreetDateMessage":null},"priceInfo":{"itemPrice":"","linePrice":"$9.00","wasPrice":"","unitPrice":"19.6 ¢/oz","shipPrice":"","minPriceForVariant":"","subscriptionPrice":"","subscriptionString":"","priceDisplayCondition":"","finalCostByWeight":false,"submapType":""},"rating":{"averageRating":0,"numberOfReviews":0},"salesUnit":"EACH","variantList":[],"isVariantTypeSwatch":false,"brand":null,"manufacturerName":null,"offerId":"A96FF9443E9948459BFB8187772E0724","fitmentLabel":"","isAtfMarker":false,"sellerId":"F55CDC31AB754BB68FE0B39041159D63","sellerName":"Walmart.com","hasSellerBadge":null,"seller":{"name":"Walmart.com","sellerId":"F55CDC31AB754BB68FE0B39041159D63"},"sponsoredProduct":null},{"__typename":"Product","availabilityStatusDisplayValue":"In stock","productLocationDisplayValue":null,"externalInfoUrl":"","canonicalUrl":"/ip/Marketside-Buffalo-Style-Chicken-Flatbread-11-4-oz/590964609","canAddToCart":true,"showOptions":false,"description":"\u003cli\u003eFlatbread style pizza\u003c/li\u003e\u003cli\u003eDelicious thin crust\u003c/li\u003e\u003cli\u003eTopped with white meat chicken with a creamy buffalo style wing sauce\u003c/li\u003e","flag":"","fulfillmentBadges":["Pickup","Delivery"],"fulfillmentIcon":{"key":"SAVE_WITH_W_PLUS","label":"Save with"},"fulfillmentBadge":"Today","fulfillmentSpeed":["TODAY"],"fulfillmentType":"STORE","id":"1BOTVDTG3PNP","usItemId":"590964609","image":"https://i5.walmartimages.com/asr/fc8facf0-c8ad-411e-9acf-08d4080e2c6e.449a6ef4bd1dce706c8a20b86bc9c641.jpeg?odnHeight=180\u0026odnWidth=180\u0026odnBg=ffffff","isOutOfStock":false,"esrb":"","mediaRating":"","name":"Marketside Buffalo Style Chicken Flatbread, 11.4 oz","price":5,"preOrder":{"isPreOrder":false,"preOrderMessage":null,"preOrderStreetDateMessage":null},"priceInfo":{"itemPrice":"","linePrice":"$5.00","wasPrice":"","unitPrice":"43.9 ¢/oz","shipPrice":"","minPriceForVariant":"","subscriptionPrice":"","subscriptionString":"","priceDisplayCondition":"","finalCostByWeight":false,"submapType":""},"rating":{"averageRating":0,"numberOfReviews":0},"salesUnit":"EACH","variantList":[],"isVariantTypeSwatch":false,"brand":null,"manufacturerName":null,"offerId":"CFC03FE5C6F44E968FC169CEF996CA2E","fitmentLabel":"","isAtfMarker":false,"sellerId":"F55CDC31AB754BB68FE0B39041159D63","sellerName":"Walmart.com","hasSellerBadge":null,"seller":{"name":"Walmart.com","sellerId":"F55CDC31AB754BB68FE0B39041159D63"},"sponsoredProduct":null},{"__typename":"Product","availabilityStatusDisplayValue":"In stock","productLocationDisplayValue":null,"externalInfoUrl":"","canonicalUrl":"/ip/Totino-s-Pepperoni-Party-Pizza-Frozen-Pizza-10-2-oz/10813478","canAddToCart":true,"showOptions":false,"description":"\u003cli\u003eINCLUDES: One (1) frozen Totino's Pepperoni Party Pizza in a 10.2-ounce bag\u003c/li\u003e\u003cli\u003eFROZEN PIZZA: Enjoy pepperoni and cheesy toppings on a crispy golden crust\u003c/li\u003e","flag":"","fulfillmentBadges":["Pickup","Delivery"],"fulfillmentIcon":{"key":"SAVE_WITH_W_PLUS","label":"Save with"},"fulfillmentBadge":"Today","fulfillmentSpeed":["TODAY"],"fulfillmentType":"STORE","id":"43PA4SNSR05W","usItemId":"10813478","image":"https://i5.walmartimages.com/asr/3a5a8e2d-7cdf-4a62-9c06-74f2c4f0c395.6bec32530649fe2605e57520a154dfbb.png?odnHeight=180\u0026odnWidth=180\u0026odnBg=ffffff","isOutOfStock":false,"esrb":"","mediaRating":"","name":"Totino's Pepperoni Party Pizza, Frozen Pizza, 10.2 oz.","price":1.3,"preOrder":{"isPreOrder":false,"preOrderMessage":null,"preOrderStreetDateMessage":null},"priceInfo":{"itemPrice":"","linePrice":"$1.30","wasPrice":"","unitPrice":"12.7 ¢/oz","shipPrice":"","minPriceForVariant":"","subscriptionPrice":"","subscriptionString":"","priceDisplayCondition":"","finalCostByWeight":false,"submapType":""},"rating":{"averageRating":0,"numberOfReviews":0},"salesUnit":"EACH","variantList":[],"isVariantTypeSwatch":false,"brand":null,"manufacturerName":null,"offerId":"A2EBFF599DAC43B9B6A35732300274BC","fitmentLabel":"","isAtfMarker":false,"sellerId":"F55CDC31AB754BB68FE0B39041159D63","sellerName":"Walmart.com","hasSellerBadge":null,"seller":{"name":"Walmart.com","sellerId":"F55CDC31AB754BB68FE0B39041159D63"},"sponsoredProduct":null},{"__typename":"Product","availabilityStatusDisplayValue":"In stock","productLocationDisplayValue":null,"externalInfoUrl":"","canonicalUrl":"/ip/CAULIPOWER-Veggie-Stone-fired-Cauliflower-Crust-Pizza-10-9-oz/722464215","canAddToCart":true,"showOptions":false,"description":"Our Veggie Pizza combines our delicious crust thats made with real cauliflower with ripe green, red, and yellow peppers, melty mozzarella cheese, and a zesty tomato sauce. Its tasty, crispy, WHOA!","flag":"","fulfillmentBadges":["Pickup","Delivery"],"fulfillmentIcon":{"key":"SAVE_WITH_W_PLUS","label":"Save with"},"fulfillmentBadge":"Today","fulfillmentSpeed":["TODAY"],"fulfillmentType":"STORE","id":"4ZB7XB99X4M0","usItemId":"722464215","image":"https://i5.walmartimages.com/asr/9efd9933-cb74-4294-876f-6b48285d3433.68358aae931d283623c0b097a6060189.jpeg?odnHeight=180\u0026odnWidth=180\u0026odnBg=ffffff","isOutOfStock":false,"esrb":"","mediaRating":"","name":"CAULIPOWER Veggie Stone-fired Cauliflower Crust Pizza, 10.9 oz","price":6.48,"preOrder":{"isPreOrder":false,"preOrderMessage":null,"preOrderStreetDateMessage":null},"priceInfo":{"itemPrice":"","linePrice":"$6.48","wasPrice":"","unitPrice":"55.9 ¢/oz","shipPrice":"","minPriceForVariant":"","subscriptionPrice":"","subscriptionString":"","priceDisplayCondition":"","finalCostByWeight":false,"submapType":""},"rating":{"averageRating":0,"numberOfReviews":0},"salesUnit":"EACH","variantList":[],"isVariantTypeSwatch":false,"brand":null,"manufacturerName":null,"offerId":"4AD0AC5FC3CB4CA6874619AF4A576A5D","fitmentLabel":"","isAtfMarker":false,"sellerId":"F55CDC31AB754BB68FE0B39041159D63","sellerName":"Walmart.com","hasSellerBadge":null,"seller":{"name":"Walmart.com","sellerId":"F55CDC31AB754BB68FE0B39041159D63"},"sponsoredProduct":{"spQs":"sHYaWyupwNLA9bOfJJaxWNMtb3lvcEXLEJM98GdIgxTewhNW0K-2CN7YX6jj8g1VUbiJ0KuU1faPnok79_e2-I1YwHEbwV6C74Swvh5gcTo","clickBeacon":"https://wrd.walmart.com/track?bt=__bt__\u0026adUid=h0y5nYJjcAxcuhMMVVEvDGq5DNfJUqEnWsPF\u0026storeId=999\u0026mloc=sp-search-middle\u0026pt=search\u0026pltfm=desktop\u0026tax=976759_976791_5774679_3790397\u0026rdf=0\u0026plmt=__plmt__\u0026eventST=__eventST__\u0026spQs=sHYaWyupwNLA9bOfJJaxWNMtb3lvcEXLEJM98GdIgxTewhNW0K-2CN7YX6jj8g1VUbiJ0KuU1faPnok79_e2-I1YwHEbwV6C74Swvh5gcTo\u0026pos=__pos__\u0026pgId=pizza","spTags":null}},{"__typename":"Product","availabilityStatusDisplayValue":"In stock","productLocationDisplayValue":null,"externalInfoUrl":"","canonicalUrl":"/ip/CAULIPOWER-Uncured-Pepperoni-Stone-fired-Cauliflower-Crust-Pizza-11-3-oz/761419570","canAddToCart":true,"showOptions":false,"description":"Our Uncured Pepperoni Pizza is a tasty twist on a classic pepperoni pie. Our delicious crust thats made with real cauliflower pairs perfectly with zesty tomato sauce, melty mozzarella, and uncured","flag":"","fulfillmentBadges":["Pickup","Delivery"],"fulfillmentIcon":{"key":"SAVE_WITH_W_PLUS","label":"Save with"},"fulfillmentBadge":"Today","fulfillmentSpeed":["TODAY"],"fulfillmentType":"STORE","id":"4QLZGC6UVJI0","usItemId":"761419570","image":"https://i5.walmartimages.com/asr/5bdb728f-ca6e-43a7-afda-64bca0b50920.2da13cd89c555ff65811bb1934a3d517.jpeg?odnHeight=180\u0026odnWidth=180\u0026odnBg=ffffff","isOutOfStock":false,"esrb":"","mediaRating":"","name":"CAULIPOWER Uncured Pepperoni Stone-fired Cauliflower Crust Pizza, 11.3 oz","price":6.48,"preOrder":{"isPreOrder":false,"preOrderMessage":null,"preOrderStreetDateMessage":null},"priceInfo":{"itemPrice":"","linePrice":"$6.48","wasPrice":"","unitPrice":"57.3 ¢/oz","shipPrice":"","minPriceForVariant":"","subscriptionPrice":"","subscriptionString":"","priceDisplayCondition":"","finalCostByWeight":false,"submapType":""},"rating":{"averageRating":0,"numberOfReviews":0},"salesUnit":"EACH","variantList":[],"isVariantTypeSwatch":false,"brand":null,"manufacturerName":null,"offerId":"7DCD6C77041F4E6BAAE88BDBDFB36E87","fitmentLabel":"","isAtfMarker":true,"sellerId":"F55CDC31AB754BB68FE0B39041159D63","sellerName":"Walmart.com","hasSellerBadge":null,"seller":{"name":"Walmart.com","sellerId":"F55CDC31AB754BB68FE0B39041159D63"},"sponsoredProduct":{"spQs":"sHYaWyupwNLA9bOfJJaxWNMtb3lvcEXLEJM98GdIgxRoeGVo28nIHHXVADjG97t1UbiJ0KuU1faPnok79_e2-I1YwHEbwV6C74Swvh5gcTo","clickBeacon":"https://wrd.walmart.com/track?bt=__bt__\u0026adUid=h0y5nYJjcAxcuhMMVVEvDGq5DNfJUqEnWsPF\u0026storeId=999\u0026mloc=sp-search-middle\u0026pt=search\u0026pltfm=desktop\u0026tax=976759_976791_5774679_3790397\u0026rdf=0\u0026plmt=__plmt__\u0026eventST=__eventST__\u0026spQs=sHYaWyupwNLA9bOfJJaxWNMtb3lvcEXLEJM98GdIgxRoeGVo28nIHHXVADjG97t1UbiJ0KuU1faPnok79_e2-I1YwHEbwV6C74Swvh5gcTo\u0026pos=__pos__\u0026pgId=pizza","spTags":null}},{"__typename":"Product","availabilityStatusDisplayValue":"In stock","productLocationDisplayValue":null,"externalInfoUrl":"","canonicalUrl":"/ip/Screamin-Sicilian-Original-Mother-of-Meat-Pizza-23-4-oz/927784229","canAddToCart":true,"showOptions":false,"description":"Screamin Sicilian Mother Of Meat","flag":"","fulfillmentBadges":["Pickup","Delivery"],"fulfillmentIcon":{"key":"SAVE_WITH_W_PLUS","label":"Save with"},"fulfillmentBadge":"Today","fulfillmentSpeed":["TODAY"],"fulfillmentType":"STORE","id":"2KPDWZ4729DS","usItemId":"927784229","image":"https://i5.walmartimages.com/asr/a09de3d0-3c3e-49e0-80c4-722176e19f3d.fa876b028f15e765480f57f1744dd24b.jpeg?odnHeight=180\u0026odnWidth=180\u0026odnBg=ffffff","isOutOfStock":false,"esrb":"","mediaRating":"","name":"Screamin' Sicilian Original Mother of Meat Pizza, 23.4 oz","price":6.23,"preOrder":{"isPreOrder":false,"preOrderMessage":null,"preOrderStreetDateMessage":null},"priceInfo":{"itemPrice":"","linePrice":"$6.23","wasPrice":"","unitPrice":"26.6 ¢/oz","shipPrice":"","minPriceForVariant":"","subscriptionPrice":"","subscriptionString":"","priceDisplayCondition":"","finalCostByWeight":false,"submapType":""},"rating":{"averageRating":0,"numberOfReviews":0},"salesUnit":"EACH","variantList":[],"isVariantTypeSwatch":false,"brand":null,"manufacturerName":null,"offerId":"D366B2A51DE94A02AF166E963B03332E","fitmentLabel":"","isAtfMarker":false,"sellerId":"F55CDC31AB754BB68FE0B39041159D63","sellerName":"Walmart.com","hasSellerBadge":null,"seller":{"name":"Walmart.com","sellerId":"F55CDC31AB754BB68FE0B39041159D63"},"sponsoredProduct":null},{"__typename":"Product","availabilityStatusDisplayValue":"In stock","productLocationDisplayValue":null,"externalInfoUrl":"","canonicalUrl":"/ip/Amy-s-Margherita-Frozen-Pizza-Full-Size/15056047","canAddToCart":true,"showOptions":false,"description":"Amys Kitchen Amy's Margherita Pizza","flag":"","fulfillmentBadges":["Pickup","Delivery"],"fulfillmentIcon":{"key":"SAVE_WITH_W_PLUS","label":"Save with"},"fulfillmentBadge":"Today","fulfillmentSpeed":["TODAY"],"fulfillmentType":"STORE","id":"54YJIIJS6LNR","usItemId":"15056047","image":"https://i5.walmartimages.com/asr/c0415979-5f75-4985-b0f9-6f8aca9499d0.c0d5799a0ddf9e0bd978e58643a7840e.jpeg?odnHeight=180\u0026odnWidth=180\u0026odnBg=ffffff","isOutOfStock":false,"esrb":"","mediaRating":"","name":"Amy's Margherita Frozen Pizza - Full Size","price":6.54,"preOrder":{"isPreOrder":false,"preOrderMessage":null,"preOrderStreetDateMessage":null},"priceInfo":{"itemPrice":"","linePrice":"$6.54","wasPrice":"","unitPrice":"50.3 ¢/oz","shipPrice":"","minPriceForVariant":"","subscriptionPrice":"","subscriptionString":"","priceDisplayCondition":"","finalCostByWeight":false,"submapType":""},"rating":{"averageRating":0,"numberOfReviews":0},"salesUnit":"EACH","variantList":[],"isVariantTypeSwatch":false,"brand":null,"manufacturerName":null,"offerId":"9CCB4A6B0CA74315BF09D460B86C6841","fitmentLabel":"","isAtfMarker":false,"sellerId":"F55CDC31AB754BB68FE0B39041159D63","sellerName":"Walmart.com","hasSellerBadge":null,"seller":{"name":"Walmart.com","sellerId":"F55CDC31AB754BB68FE0B39041159D63"},"sponsoredProduct":null},{"__typename":"MarqueePlaceholder","type":"MarqueeDisplayAd","moduleLocation":"marquee1","lazy":"0"},{"__typename":"Product","availabilityStatusDisplayValue":"In stock","productLocationDisplayValue":null,"externalInfoUrl":"","canonicalUrl":"/ip/Red-Baron-Pepperoni-Stuffed-Crust-Pizza-20-71-oz-Box/200572746","canAddToCart":true,"showOptions":false,"description":"\u003cli\u003eRed Baron Stuffed Crust Pepperoni Pizzais made with zesty tomato sauce, 100% real cheese, and hearty toppings of pepperoni\u003c/li\u003e\u003cli\u003eOur Stuffed Crust features a crust loaded with rich, melty\u003c/li\u003e","flag":"","fulfillmentBadges":["Pickup","Delivery"],"fulfillmentIcon":{"key":"SAVE_WITH_W_PLUS","label":"Save with"},"fulfillmentBadge":"Today","fulfillmentSpeed":["TODAY"],"fulfillmentType":"STORE","id":"1U4Y8XBTCNZQ","usItemId":"200572746","image":"https://i5.walmartimages.com/asr/6246f66b-72a8-4945-af16-69540d75415d.02ef58811d6e4e2e845dbd93df9e57ac.jpeg?odnHeight=180\u0026odnWidth=180\u0026odnBg=ffffff","isOutOfStock":false,"esrb":"","mediaRating":"","name":"Red Baron Pepperoni Stuffed Crust Pizza, 20.71 oz Box","price":6.78,"preOrder":{"isPreOrder":false,"preOrderMessage":null,"preOrderStreetDateMessage":null},"priceInfo":{"itemPrice":"","linePrice":"$6.78","wasPrice":"","unitPrice":"32.7 ¢/oz","shipPrice":"","minPriceForVariant":"","subscriptionPrice":"","subscriptionString":"","priceDisplayCondition":"","finalCostByWeight":false,"submapType":""},"rating":{"averageRating":0,"numberOfReviews":0},"salesUnit":"EACH","variantList":[],"isVariantTypeSwatch":false,"brand":null,"manufacturerName":null,"offerId":"D791383FD6CD4549BB9FCA3B765AED4B","fitmentLabel":"","isAtfMarker":false,"sellerId":"F55CDC31AB754BB68FE0B39041159D63","sellerName":"Walmart.com","hasSellerBadge":null,"seller":{"name":"Walmart.com","sellerId":"F55CDC31AB754BB68FE0B39041159D63"},"sponsoredProduct":null},{"__typename":"Product","availabilityStatusDisplayValue":"In stock","productLocationDisplayValue":null,"externalInfoUrl":"","canonicalUrl":"/ip/Totino-s-Party-Pizza-Pack-Supreme-4-10-9-oz-Pizzas-frozen/147380477","canAddToCart":true,"showOptions":false,"description":"Totino's Multipack Supreme Pizza","flag":"","fulfillmentBadges":["Pickup","Delivery"],"fulfillmentIcon":{"key":"SAVE_WITH_W_PLUS","label":"Save with"},"fulfillmentBadge":"Today","fulfillmentSpeed":["TODAY"],"fulfillmentType":"STORE","id":"46WLVPO76RPE","usItemId":"147380477","image":"https://i5.walmartimages.com/asr/2cd9184f-e0c1-4559-94d5-8753f62e9e0a.c1fcc5027cc8abdbf3ec22ca854fa0cf.png?odnHeight=180\u0026odnWidth=180\u0026odnBg=ffffff","isOutOfStock":false,"esrb":"","mediaRating":"","name":"Totino's Party Pizza Pack!, Supreme, 4 - 10.9 oz Pizzas (frozen)","price":5.13,"preOrder":{"isPreOrder":false,"preOrderMessage":null,"preOrderStreetDateMessage":null},"priceInfo":{"itemPrice":"","linePrice":"$5.13","wasPrice":"","unitPrice":"11.8 ¢/oz","shipPrice":"","minPriceForVariant":"","subscriptionPrice":"","subscriptionString":"","priceDisplayCondition":"","finalCostByWeight":false,"submapType":""},"rating":{"averageRating":0,"numberOfReviews":0},"salesUnit":"EACH","variantList":[],"isVariantTypeSwatch":false,"brand":null,"manufacturerName":null,"offerId":"F3B12759869942FDA9BEBF28E6816968","fitmentLabel":"","isAtfMarker":false,"sellerId":"F55CDC31AB754BB68FE0B39041159D63","sellerName":"Walmart.com","hasSellerBadge":null,"seller":{"name":"Walmart.com","sellerId":"F55CDC31AB754BB68FE0B39041159D63"},"sponsoredProduct":null},{"__typename":"Product","availabilityStatusDisplayValue":"In stock","productLocationDisplayValue":null,"externalInfoUrl":"","canonicalUrl":"/ip/DIGIORNO-Three-Meat-Frozen-Pizza-on-a-Rising-Crust-29-8-oz/37661159","canAddToCart":true,"showOptions":false,"description":"\u003cli\u003eStep up your quick family dinners with DIGIORNO Three Meat Frozen Pizza on a Rising Crust, created with toppings which include signature tomato sauce, mozzarella cheese, sausage, pepperoni and\u003c/li\u003e","flag":"","fulfillmentBadges":["Pickup","Delivery"],"fulfillmentIcon":{"key":"SAVE_WITH_W_PLUS","label":"Save with"},"fulfillmentBadge":"Today","fulfillmentSpeed":["TODAY"],"fulfillmentType":"STORE","id":"1EW15YAJH0DD","usItemId":"37661159","image":"https://i5.walmartimages.com/asr/0af754c5-ee2a-44f2-b3bb-cfbd25e48695.b808673aa3bb4fa63dc36c2abbfa0bdb.jpeg?odnHeight=180\u0026odnWidth=180\u0026odnBg=ffffff","isOutOfStock":false,"esrb":"","mediaRating":"","name":"DIGIORNO Three Meat Frozen Pizza on a Rising Crust 29.8 oz.","price":5.27,"preOrder":{"isPreOrder":false,"preOrderMessage":null,"preOrderStreetDateMessage":null},"priceInfo":{"itemPrice":"","linePrice":"$5.27","wasPrice":"","unitPrice":"17.7 ¢/oz","shipPrice":"","minPriceForVariant":"","subscriptionPrice":"","subscriptionString":"","priceDisplayCondition":"","finalCostByWeight":false,"submapType":""},"rating":{"averageRating":0,"numberOfReviews":0},"salesUnit":"EACH","variantList":[],"isVariantTypeSwatch":false,"brand":null,"manufacturerName":null,"offerId":"EE8BB346F0AE4402913D9ED57E2D1616","fitmentLabel":"","isAtfMarker":false,"sellerId":"F55CDC31AB754BB68FE0B39041159D63","sellerName":"Walmart.com","hasSellerBadge":null,"seller":{"name":"Walmart.com","sellerId":"F55CDC31AB754BB68FE0B39041159D63"},"sponsoredProduct":null},{"__typename":"Product","availabilityStatusDisplayValue":"In stock","productLocationDisplayValue":null,"externalInfoUrl":"","canonicalUrl":"/ip/Red-Baron-Pizza-French-Bread-Singles-Three-Meat-2-count-11-00-oz/10292861","canAddToCart":true,"showOptions":false,"description":"\u003cli\u003eRed Baron French Bread Three Meat Pizza is made with zesty tomato sauce, 100% real cheese, and toppings of pepperoni, sausage, and bacon\u003c/li\u003e\u003cli\u003e2 French bread pizzas that are crispy on the\u003c/li\u003e","flag":"","fulfillmentBadges":["Pickup","Delivery"],"fulfillmentIcon":{"key":"SAVE_WITH_W_PLUS","label":"Save with"},"fulfillmentBadge":"Today","fulfillmentSpeed":["TODAY"],"fulfillmentType":"STORE","id":"74HL06BEJHHF","usItemId":"10292861","image":"https://i5.walmartimages.com/asr/47d9e488-b1e3-46c2-8117-608cc6ce8129_1.67f845b0ac73cb5e65c650d144f24100.jpeg?odnHeight=180\u0026odnWidth=180\u0026odnBg=ffffff","isOutOfStock":false,"esrb":"","mediaRating":"","name":"Red Baron Pizza, French Bread Singles Three Meat, 2 count, 11.00 oz","price":3.48,"preOrder":{"isPreOrder":false,"preOrderMessage":null,"preOrderStreetDateMessage":null},"priceInfo":{"itemPrice":"","linePrice":"$3.48","wasPrice":"","unitPrice":"31.6 ¢/oz","shipPrice":"","minPriceForVariant":"","subscriptionPrice":"","subscriptionString":"","priceDisplayCondition":"","finalCostByWeight":false,"submapType":""},"rating":{"averageRating":0,"numberOfReviews":0},"salesUnit":"EACH","variantList":[],"isVariantTypeSwatch":false,"brand":null,"manufacturerName":null,"offerId":"F4C284AC751842189A47E4394AF25D71","fitmentLabel":"","isAtfMarker":false,"sellerId":"F55CDC31AB754BB68FE0B39041159D63","sellerName":"Walmart.com","hasSellerBadge":null,"seller":{"name":"Walmart.com","sellerId":"F55CDC31AB754BB68FE0B39041159D63"},"sponsoredProduct":null},{"__typename":"Product","availabilityStatusDisplayValue":"In stock","productLocationDisplayValue":null,"externalInfoUrl":"","canonicalUrl":"/ip/Marketside-Pepperoni-Mozzarella-Pizza-40-7-oz/373357774","canAddToCart":true,"showOptions":false,"description":"Marketside Brickoven Pepperoni Pizza","flag":"","fulfillmentBadges":["Pickup","Delivery"],"fulfillmentIcon":{"key":"SAVE_WITH_W_PLUS","label":"Save with"},"fulfillmentBadge":"Today","fulfillmentSpeed":["TODAY"],"fulfillmentType":"STORE","id":"6MFI3DDX0AIX","usItemId":"373357774","image":"https://i5.walmartimages.com/asr/20f8b4f8-a1b8-4561-b970-ad6509ca8721.dd57d53a63e551ab7bbc5e463efab795.jpeg?odnHeight=180\u0026odnWidth=180\u0026odnBg=ffffff","isOutOfStock":false,"esrb":"","mediaRating":"","name":"Marketside Pepperoni \u0026 Mozzarella Pizza, 40.7 oz","price":8,"preOrder":{"isPreOrder":false,"preOrderMessage":null,"preOrderStreetDateMessage":null},"priceInfo":{"itemPrice":"","linePrice":"$8.00","wasPrice":"","unitPrice":"20.3 ¢/oz","shipPrice":"","minPriceForVariant":"","subscriptionPrice":"","subscriptionString":"","priceDisplayCondition":"","finalCostByWeight":false,"submapType":""},"rating":{"averageRating":0,"numberOfReviews":0},"salesUnit":"EACH","variantList":[],"isVariantTypeSwatch":false,"brand":null,"manufacturerName":null,"offerId":"DFA5943C6DF44CC8962ED5ACC55C61A0","fitmentLabel":"","isAtfMarker":false,"sellerId":"F55CDC31AB754BB68FE0B39041159D63","sellerName":"Walmart.com","hasSellerBadge":null,"seller":{"name":"Walmart.com","sellerId":"F55CDC31AB754BB68FE0B39041159D63"},"sponsoredProduct":null},{"__typename":"Product","availabilityStatusDisplayValue":"In stock","productLocationDisplayValue":null,"externalInfoUrl":"","canonicalUrl":"/ip/Stouffer-s-Pepperoni-French-Bread-Frozen-Pizza-51-125-oz/10804801","canAddToCart":true,"showOptions":false,"description":"\u003cli\u003eEnjoy pizza made with 100% real cheese, as well as tomato sauce and zesty pepperoni on a crispy French bread crust with Stouffer's Pepperoni French Bread Frozen Pizza.\u003c/li\u003e","flag":"","fulfillmentBadges":["Pickup","Delivery"],"fulfillmentIcon":{"key":"SAVE_WITH_W_PLUS","label":"Save with"},"fulfillmentBadge":"Today","fulfillmentSpeed":["TODAY"],"fulfillmentType":"STORE","id":"4YSS6PH7GFT3","usItemId":"10804801","image":"https://i5.walmartimages.com/asr/7988b6bf-d54f-4f46-b061-31390ec4e1db.a2f8b89d59d35334819909283a83e6c4.jpeg?odnHeight=180\u0026odnWidth=180\u0026odnBg=ffffff","isOutOfStock":false,"esrb":"","mediaRating":"","name":"Stouffer's Pepperoni French Bread Frozen Pizza 51.125 oz.","price":10.96,"preOrder":{"isPreOrder":false,"preOrderMessage":null,"preOrderStreetDateMessage":null},"priceInfo":{"itemPrice":"","linePrice":"$10.96","wasPrice":"","unitPrice":"21.4 ¢/oz","shipPrice":"","minPriceForVariant":"","subscriptionPrice":"","subscriptionString":"","priceDisplayCondition":"","finalCostByWeight":false,"submapType":""},"rating":{"averageRating":0,"numberOfReviews":0},"salesUnit":"EACH","variantList":[],"isVariantTypeSwatch":false,"brand":null,"manufacturerName":null,"offerId":"8C78F57FDF614897AA34449E2E4B3C3E","fitmentLabel":"","isAtfMarker":false,"sellerId":"F55CDC31AB754BB68FE0B39041159D63","sellerName":"Walmart.com","hasSellerBadge":null,"seller":{"name":"Walmart.com","sellerId":"F55CDC31AB754BB68FE0B39041159D63"},"sponsoredProduct":null},{"__typename":"Product","availabilityStatusDisplayValue":"In stock","productLocationDisplayValue":null,"externalInfoUrl":"","canonicalUrl":"/ip/Lean-Cuisine-Features-Supreme-Frozen-Pizza-6-oz/10804751","canAddToCart":true,"showOptions":false,"description":"\u003cli\u003eFeed your phenomenal with Lean Cuisine Features Supreme Frozen Pizza. This personal pizza features sausage, pepperoni, mushrooms, peppers, onions and a four cheese blend on a traditional pizza\u003c/li\u003e","flag":"","fulfillmentBadges":["Pickup","Delivery"],"fulfillmentIcon":{"key":"SAVE_WITH_W_PLUS","label":"Save with"},"fulfillmentBadge":"Today","fulfillmentSpeed":["TODAY"],"fulfillmentType":"STORE","id":"7JI02BN8M8E9","usItemId":"10804751","image":"https://i5.walmartimages.com/asr/d8190a14-c5a3-4aeb-b8b1-abe645f55172.b105f4d09aa48120344df14ecd5d103c.jpeg?odnHeight=180\u0026odnWidth=180\u0026odnBg=ffffff","isOutOfStock":false,"esrb":"","mediaRating":"","name":"Lean Cuisine Features Supreme Frozen Pizza 6 oz.","price":2.66,"preOrder":{"isPreOrder":false,"preOrderMessage":null,"preOrderStreetDateMessage":null},"priceInfo":{"itemPrice":"","linePrice":"$2.66","wasPrice":"","unitPrice":"44.3 ¢/oz","shipPrice":"","minPriceForVariant":"","subscriptionPrice":"","subscriptionString":"","priceDisplayCondition":"","finalCostByWeight":false,"submapType":""},"rating":{"averageRating":0,"numberOfReviews":0},"salesUnit":"EACH","variantList":[],"isVariantTypeSwatch":false,"brand":null,"manufacturerName":null,"offerId":"0927EA127D4046AF92A1C66900B79772","fitmentLabel":"","isAtfMarker":false,"sellerId":"F55CDC31AB754BB68FE0B39041159D63","sellerName":"Walmart.com","hasSellerBadge":null,"seller":{"name":"Walmart.com","sellerId":"F55CDC31AB754BB68FE0B39041159D63"},"sponsoredProduct":null},{"__typename":"Product","availabilityStatusDisplayValue":"In stock","productLocationDisplayValue":null,"externalInfoUrl":"","canonicalUrl":"/ip/Red-Baron-Pizza-French-Bread-Singles-Supreme-2-count-11-60-oz/10292864","canAddToCart":true,"showOptions":false,"description":"\u003cli\u003eRed Baron French Bread Singles Supreme Pizza is made with zesty tomato sauce, 100% real cheese, and toppings of sausage, pepperoni, green and red peppers, and onions\u003c/li\u003e\u003cli\u003eFrench Bread Pizzas\u003c/li\u003e","flag":"","fulfillmentBadges":["Pickup","Delivery"],"fulfillmentIcon":{"key":"SAVE_WITH_W_PLUS","label":"Save with"},"fulfillmentBadge":"Today","fulfillmentSpeed":["TODAY"],"fulfillmentType":"STORE","id":"16BGDUXE9GTL","usItemId":"10292864","image":"https://i5.walmartimages.com/asr/f8f8b8fb-11a4-43a3-b9f6-9eb5ade7e93d_1.f66c88bbe194285a81efad5550c5b219.jpeg?odnHeight=180\u0026odnWidth=180\u0026odnBg=ffffff","isOutOfStock":false,"esrb":"","mediaRating":"","name":"Red Baron Pizza, French Bread Singles Supreme, 2 count, 11.60 oz","price":3.48,"preOrder":{"isPreOrder":false,"preOrderMessage":null,"preOrderStreetDateMessage":null},"priceInfo":{"itemPrice":"","linePrice":"$3.48","wasPrice":"","unitPrice":"","shipPrice":"","minPriceForVariant":"","subscriptionPrice":"","subscriptionString":"","priceDisplayCondition":"","finalCostByWeight":false,"submapType":""},"rating":{"averageRating":0,"numberOfReviews":0},"salesUnit":"EACH","variantList":[],"isVariantTypeSwatch":false,"brand":null,"manufacturerName":null,"offerId":"63383E512C22474EAFE52E8C363CB743","fitmentLabel":"","isAtfMarker":false,"sellerId":"F55CDC31AB754BB68FE0B39041159D63","sellerName":"Walmart.com","hasSellerBadge":null,"seller":{"name":"Walmart.com","sellerId":"F55CDC31AB754BB68FE0B39041159D63"},"sponsoredProduct":null},{"__typename":"Product","availabilityStatusDisplayValue":"In stock","productLocationDisplayValue":null,"externalInfoUrl":"","canonicalUrl":"/ip/Daiya-Fire-Roasted-Vegetable-Gluten-Free-Pizza-Dairy-Free-Gluten-Free-Vegan-Pizza-17-4-oz/108153301?athbdg=L1600","canAddToCart":true,"showOptions":false,"description":"Pizza, Fire-Roasted Vegetable, Deliciously Dairy Free, Box 16.6 OZ New. Gluten free; Lactose free; Soy free; Cholesterol 0 mg per serving. Melts \u0026 stretches. Deliciously dairy free. Gourmet","flag":"Best seller","fulfillmentBadges":["Pickup","Delivery"],"fulfillmentIcon":{"key":"SAVE_WITH_W_PLUS","label":"Save with"},"fulfillmentBadge":"Today","fulfillmentSpeed":["TODAY"],"fulfillmentType":"STORE","id":"4VFTQ8CCP3VD","usItemId":"108153301","image":"https://i5.walmartimages.com/asr/db01b8b9-a063-48b4-8dc3-76ebe588bb25.b277b098afa93dc56d2a3a785122247c.jpeg?odnHeight=180\u0026odnWidth=180\u0026odnBg=ffffff","isOutOfStock":false,"esrb":"","mediaRating":"","name":"Daiya Fire Roasted Vegetable Gluten Free Pizza - Dairy Free Gluten Free Vegan Pizza - 17.4 oz","price":6.94,"preOrder":{"isPreOrder":false,"preOrderMessage":null,"preOrderStreetDateMessage":null},"priceInfo":{"itemPrice":"","linePrice":"$6.94","wasPrice":"","unitPrice":"39.9 ¢/oz","shipPrice":"","minPriceForVariant":"","subscriptionPrice":"","subscriptionString":"","priceDisplayCondition":"","finalCostByWeight":false,"submapType":""},"rating":{"averageRating":0,"numberOfReviews":0},"salesUnit":"EACH","variantList":[],"isVariantTypeSwatch":false,"brand":null,"manufacturerName":null,"offerId":"ED08CAA7DCF243E8908DF777773D64DC","fitmentLabel":"","isAtfMarker":false,"sellerId":"F55CDC31AB754BB68FE0B39041159D63","sellerName":"Walmart.com","hasSellerBadge":null,"seller":{"name":"Walmart.com","sellerId":"F55CDC31AB754BB68FE0B39041159D63"},"sponsoredProduct":null},{"__typename":"Product","availabilityStatusDisplayValue":"In stock","productLocationDisplayValue":null,"externalInfoUrl":"","canonicalUrl":"/ip/Sonoma-Flatbreads-Sonoma-Gf-Pepperoni-Pizza/498215771","canAddToCart":true,"showOptions":false,"description":"SONOMA ORG PEPPERONI PIZZA","flag":"","fulfillmentBadges":["Pickup","Delivery"],"fulfillmentIcon":{"key":"SAVE_WITH_W_PLUS","label":"Save with"},"fulfillmentBadge":"Today","fulfillmentSpeed":["TODAY"],"fulfillmentType":"STORE","id":"1OWE8CGTSW0O","usItemId":"498215771","image":"https://i5.walmartimages.com/asr/257feb15-2504-4bb7-a286-cdf8bd54ff84_1.b292e381c488d79105bc45ea362c2c00.jpeg?odnHeight=180\u0026odnWidth=180\u0026odnBg=ffffff","isOutOfStock":false,"esrb":"","mediaRating":"","name":"Sonoma Flatbreads Sonoma Gf Pepperoni Pizza","price":6.48,"preOrder":{"isPreOrder":false,"preOrderMessage":null,"preOrderStreetDateMessage":null},"priceInfo":{"itemPrice":"","linePrice":"$6.48","wasPrice":"","unitPrice":"56.7 ¢/oz","shipPrice":"","minPriceForVariant":"","subscriptionPrice":"","subscriptionString":"","priceDisplayCondition":"","finalCostByWeight":false,"submapType":""},"rating":{"averageRating":0,"numberOfReviews":0},"salesUnit":"EACH","variantList":[],"isVariantTypeSwatch":false,"brand":null,"manufacturerName":null,"offerId":"FA48618738CF4E1AA8F598845E1F19C5","fitmentLabel":"","isAtfMarker":false,"sellerId":"F55CDC31AB754BB68FE0B39041159D63","sellerName":"Walmart.com","hasSellerBadge":null,"seller":{"name":"Walmart.com","sellerId":"F55CDC31AB754BB68FE0B39041159D63"},"sponsoredProduct":null},{"__typename":"Product","availabilityStatusDisplayValue":"In stock","productLocationDisplayValue":null,"externalInfoUrl":"","canonicalUrl":"/ip/Sonoma-Flatbreads-Sonoma-Gf-df-Veggie-Pizza/423766729","canAddToCart":true,"showOptions":false,"description":"Sonoma Flatbreads Sonoma Gf/df Veggie","flag":"","fulfillmentBadges":["Pickup","Delivery"],"fulfillmentIcon":{"key":"SAVE_WITH_W_PLUS","label":"Save with"},"fulfillmentBadge":"Today","fulfillmentSpeed":["TODAY"],"fulfillmentType":"STORE","id":"2FIYKWYAN4DN","usItemId":"423766729","image":"https://i5.walmartimages.com/asr/30a2c7b2-9815-4915-89d4-642e94546a89_1.34f9bedefad17bc76f455a4ff3ead715.jpeg?odnHeight=180\u0026odnWidth=180\u0026odnBg=ffffff","isOutOfStock":false,"esrb":"","mediaRating":"","name":"Sonoma Flatbreads Sonoma Gf/df Veggie Pizza","price":6.48,"preOrder":{"isPreOrder":false,"preOrderMessage":null,"preOrderStreetDateMessage":null},"priceInfo":{"itemPrice":"","linePrice":"$6.48","wasPrice":"","unitPrice":"56.9 ¢/oz","shipPrice":"","minPriceForVariant":"","subscriptionPrice":"","subscriptionString":"","priceDisplayCondition":"","finalCostByWeight":false,"submapType":""},"rating":{"averageRating":0,"numberOfReviews":0},"salesUnit":"EACH","variantList":[],"isVariantTypeSwatch":false,"brand":null,"manufacturerName":null,"offerId":"E0C021AEBE5D4C76BAACCB73A83A4D2F","fitmentLabel":"","isAtfMarker":false,"sellerId":"F55CDC31AB754BB68FE0B39041159D63","sellerName":"Walmart.com","hasSellerBadge":null,"seller":{"name":"Walmart.com","sellerId":"F55CDC31AB754BB68FE0B39041159D63"},"sponsoredProduct":null},{"__typename":"Product","availabilityStatusDisplayValue":"In stock","productLocationDisplayValue":null,"externalInfoUrl":"","canonicalUrl":"/ip/Red-Baron-Meat-Trio-Stuffed-Crust-Pizza-21-90-oz-Box/609541142","canAddToCart":true,"showOptions":false,"description":"\u003cli\u003eRed Baron Stuffed Crust Meat Trio Pizza is made with zesty tomato sauce, 100% real cheese, and hearty toppings of pepperoni, smoked ham, and sausage.\u003c/li\u003e\u003cli\u003eOur Stuffed Crust features a crust\u003c/li\u003e","flag":"","fulfillmentBadges":["Pickup","Delivery"],"fulfillmentIcon":{"key":"SAVE_WITH_W_PLUS","label":"Save with"},"fulfillmentBadge":"Today","fulfillmentSpeed":["TODAY"],"fulfillmentType":"STORE","id":"53RB7GN7EN49","usItemId":"609541142","image":"https://i5.walmartimages.com/asr/940d7bd8-1da1-44d6-81f8-69cfc666f9a3.817062dfbca26d50926cd2d855c128dc.jpeg?odnHeight=180\u0026odnWidth=180\u0026odnBg=ffffff","isOutOfStock":false,"esrb":"","mediaRating":"","name":"Red Baron Meat-Trio Stuffed Crust Pizza, 21.90 oz Box","price":6.78,"preOrder":{"isPreOrder":false,"preOrderMessage":null,"preOrderStreetDateMessage":null},"priceInfo":{"itemPrice":"","linePrice":"$6.78","wasPrice":"","unitPrice":"31.0 ¢/oz","shipPrice":"","minPriceForVariant":"","subscriptionPrice":"","subscriptionString":"","priceDisplayCondition":"","finalCostByWeight":false,"submapType":""},"rating":{"averageRating":0,"numberOfReviews":0},"salesUnit":"EACH","variantList":[],"isVariantTypeSwatch":false,"brand":null,"manufacturerName":null,"offerId":"BFAD1C1D5D1A4D4EA89FC2CBFFAC5A9B","fitmentLabel":"","isAtfMarker":false,"sellerId":"F55CDC31AB754BB68FE0B39041159D63","sellerName":"Walmart.com","hasSellerBadge":null,"seller":{"name":"Walmart.com","sellerId":"F55CDC31AB754BB68FE0B39041159D63"},"sponsoredProduct":null},{"__typename":"Product","availabilityStatusDisplayValue":"In stock","productLocationDisplayValue":null,"externalInfoUrl":"","canonicalUrl":"/ip/Daiya-Supreme-Thin-Crust-Gluten-Free-Pizza-19-4-oz/147862230","canAddToCart":true,"showOptions":false,"description":"Daiya: Pizza Cheese Supreme Gluten Free, 19.4 Oz","flag":"","fulfillmentBadges":["Pickup","Delivery"],"fulfillmentIcon":{"key":"SAVE_WITH_W_PLUS","label":"Save with"},"fulfillmentBadge":"Today","fulfillmentSpeed":["TODAY"],"fulfillmentType":"STORE","id":"2XPXD00PHFL1","usItemId":"147862230","image":"https://i5.walmartimages.com/asr/c456687c-dd63-45e6-a41f-a1ef7ce85985.6bdb71e7bdc65cd3575304fcf97663f5.jpeg?odnHeight=180\u0026odnWidth=180\u0026odnBg=ffffff","isOutOfStock":false,"esrb":"","mediaRating":"","name":"Daiya Supreme Thin Crust Gluten-Free Pizza, 19.4 oz","price":6.94,"preOrder":{"isPreOrder":false,"preOrderMessage":null,"preOrderStreetDateMessage":null},"priceInfo":{"itemPrice":"","linePrice":"$6.94","wasPrice":"","unitPrice":"35.8 ¢/oz","shipPrice":"","minPriceForVariant":"","subscriptionPrice":"","subscriptionString":"","priceDisplayCondition":"","finalCostByWeight":false,"submapType":""},"rating":{"averageRating":0,"numberOfReviews":0},"salesUnit":"EACH","variantList":[],"isVariantTypeSwatch":false,"brand":null,"manufacturerName":null,"offerId":"424EEB6F259541B7B60D5636F88481DB","fitmentLabel":"","isAtfMarker":false,"sellerId":"F55CDC31AB754BB68FE0B39041159D63","sellerName":"Walmart.com","hasSellerBadge":null,"seller":{"name":"Walmart.com","sellerId":"F55CDC31AB754BB68FE0B39041159D63"},"sponsoredProduct":null},{"__typename":"Product","availabilityStatusDisplayValue":"In stock","productLocationDisplayValue":null,"externalInfoUrl":"","canonicalUrl":"/ip/Lean-Cuisine-Features-Pepperoni-Frozen-Pizza-6-oz/10804750","canAddToCart":true,"showOptions":false,"description":"\u003cli\u003eLean Cuisine Features Pepperoni Frozen Pizza offers a quick and easy meal solution when you're short on time. This personal pizza with a new and improved sauce flavor profile features pepperoni\u003c/li\u003e","flag":"","fulfillmentBadges":["Pickup","Delivery"],"fulfillmentIcon":{"key":"SAVE_WITH_W_PLUS","label":"Save with"},"fulfillmentBadge":"Today","fulfillmentSpeed":["TODAY"],"fulfillmentType":"STORE","id":"567LLXVBZN5L","usItemId":"10804750","image":"https://i5.walmartimages.com/asr/d830083d-4da6-4df9-aa70-419e13f09556.9d8736f56d3511a27ef5ea015e9b9604.jpeg?odnHeight=180\u0026odnWidth=180\u0026odnBg=ffffff","isOutOfStock":false,"esrb":"","mediaRating":"","name":"Lean Cuisine Features Pepperoni Frozen Pizza 6 oz.","price":2.66,"preOrder":{"isPreOrder":false,"preOrderMessage":null,"preOrderStreetDateMessage":null},"priceInfo":{"itemPrice":"","linePrice":"$2.66","wasPrice":"","unitPrice":"44.3 ¢/oz","shipPrice":"","minPriceForVariant":"","subscriptionPrice":"","subscriptionString":"","priceDisplayCondition":"","finalCostByWeight":false,"submapType":""},"rating":{"averageRating":0,"numberOfReviews":0},"salesUnit":"EACH","variantList":[],"isVariantTypeSwatch":false,"brand":null,"manufacturerName":null,"offerId":"9B05C08E7BD14A628CDA0655EF92CFB4","fitmentLabel":"","isAtfMarker":false,"sellerId":"F55CDC31AB754BB68FE0B39041159D63","sellerName":"Walmart.com","hasSellerBadge":null,"seller":{"name":"Walmart.com","sellerId":"F55CDC31AB754BB68FE0B39041159D63"},"sponsoredProduct":null},{"__typename":"Product","availabilityStatusDisplayValue":"In stock","productLocationDisplayValue":null,"externalInfoUrl":"","canonicalUrl":"/ip/Quest-Nutrition-Thin-Crust-Pizza-4-Cheese-11-Oz-Frozen/123169044","canAddToCart":true,"showOptions":false,"description":"\u003cli\u003eYOU DESERVE PIZZA: Quest 4-Cheese Thin Crust Pizza is topped with mozzarella, provolone, pecorino romano and fontina cheeses with sauce on a custom, flourless crust recipe with 27g protein and 6g\u003c/li\u003e","flag":"","fulfillmentBadges":["Pickup","Delivery"],"fulfillmentIcon":{"key":"SAVE_WITH_W_PLUS","label":"Save with"},"fulfillmentBadge":"Today","fulfillmentSpeed":["TODAY"],"fulfillmentType":"STORE","id":"36IDUJMENIZ8","usItemId":"123169044","image":"https://i5.walmartimages.com/asr/023fd334-a053-4a9b-aa5b-611294ee7b2c.6d4418f5deec35c36cbac2f4364128a5.jpeg?odnHeight=180\u0026odnWidth=180\u0026odnBg=ffffff","isOutOfStock":false,"esrb":"","mediaRating":"","name":"Quest Nutrition Thin Crust Pizza 4-Cheese, 11 Oz (Frozen)","price":7.2,"preOrder":{"isPreOrder":false,"preOrderMessage":null,"preOrderStreetDateMessage":null},"priceInfo":{"itemPrice":"","linePrice":"$7.20","wasPrice":"","unitPrice":"65.5 ¢/oz","shipPrice":"","minPriceForVariant":"","subscriptionPrice":"","subscriptionString":"","priceDisplayCondition":"","finalCostByWeight":false,"submapType":""},"rating":{"averageRating":0,"numberOfReviews":0},"salesUnit":"EACH","variantList":[],"isVariantTypeSwatch":false,"brand":null,"manufacturerName":null,"offerId":"08B36D750EFB474DB797C8FFDEFAA344","fitmentLabel":"","isAtfMarker":false,"sellerId":"F55CDC31AB754BB68FE0B39041159D63","sellerName":"Walmart.com","hasSellerBadge":null,"seller":{"name":"Walmart.com","sellerId":"F55CDC31AB754BB68FE0B39041159D63"},"sponsoredProduct":null},{"__typename":"Product","availabilityStatusDisplayValue":"In stock","productLocationDisplayValue":null,"externalInfoUrl":"","canonicalUrl":"/ip/Sweet-Earth-Veggie-Lover-s-Frozen-Pizza-14-2-oz/916738274","canAddToCart":true,"showOptions":false,"description":"\u003cli\u003eEnjoy crust that matters and taste that delivers with Sweet Earth Veggie Lover's Frozen Pizza. This vegan pizza is topped with zesty marinara, cauliflower herb sauce, broccoli, brussels sprouts,\u003c/li\u003e","flag":"","fulfillmentBadges":["Pickup","Delivery"],"fulfillmentIcon":{"key":"SAVE_WITH_W_PLUS","label":"Save with"},"fulfillmentBadge":"Today","fulfillmentSpeed":["TODAY"],"fulfillmentType":"STORE","id":"5S5NMRFRLWZR","usItemId":"916738274","image":"https://i5.walmartimages.com/asr/c9a0bcc9-c177-4aaa-8f65-2d3ba859cbe2.8be42eee28b3874ad168e1c128d21f26.jpeg?odnHeight=180\u0026odnWidth=180\u0026odnBg=ffffff","isOutOfStock":false,"esrb":"","mediaRating":"","name":"Sweet Earth Veggie Lover's Frozen Pizza 14.2 oz.","price":6.46,"preOrder":{"isPreOrder":false,"preOrderMessage":null,"preOrderStreetDateMessage":null},"priceInfo":{"itemPrice":"","linePrice":"$6.46","wasPrice":"","unitPrice":"45.5 ¢/oz","shipPrice":"","minPriceForVariant":"","subscriptionPrice":"","subscriptionString":"","priceDisplayCondition":"","finalCostByWeight":false,"submapType":""},"rating":{"averageRating":0,"numberOfReviews":0},"salesUnit":"EACH","variantList":[],"isVariantTypeSwatch":false,"brand":null,"manufacturerName":null,"offerId":"42E2A20E32114267A23EDCDE1A84D5FB","fitmentLabel":"","isAtfMarker":false,"sellerId":"F55CDC31AB754BB68FE0B39041159D63","sellerName":"Walmart.com","hasSellerBadge":null,"seller":{"name":"Walmart.com","sellerId":"F55CDC31AB754BB68FE0B39041159D63"},"sponsoredProduct":null},{"__typename":"Product","availabilityStatusDisplayValue":"Out of stock","productLocationDisplayValue":null,"externalInfoUrl":"","canonicalUrl":"/ip/FRESCHETTA-Naturally-Rising-Pizza-Canadian-Style-Bacon-Pineapple-27-51-oz/10313666","canAddToCart":false,"showOptions":false,"description":"\u003cli\u003eSweet pineapple and crispy canadian bacon\u003c/li\u003e\u003cli\u003eREAL Seal Certified\u003c/li\u003e\u003cli\u003ePreservative-free crust\u003c/li\u003e","flag":"","fulfillmentBadges":[],"fulfillmentBadge":"","fulfillmentSpeed":[],"fulfillmentType":"STORE","id":"61JBIBQNLKBV","usItemId":"10313666","image":"https://i5.walmartimages.com/asr/fb423809-fa55-4aaf-b6ba-82d2e5dcf505_2.01d608ffdec9a55142b4ad286884c800.jpeg?odnHeight=180\u0026odnWidth=180\u0026odnBg=ffffff","isOutOfStock":true,"esrb":"","mediaRating":"","name":"FRESCHETTA Naturally Rising Pizza, Canadian Style Bacon \u0026 Pineapple, 27.51 oz","price":4.66,"preOrder":{"isPreOrder":false,"preOrderMessage":null,"preOrderStreetDateMessage":null},"priceInfo":{"itemPrice":"$4.98","linePrice":"$4.66","wasPrice":"$4.98","unitPrice":"16.9 ¢/oz","shipPrice":"","minPriceForVariant":"","subscriptionPrice":"","subscriptionString":"","priceDisplayCondition":"","finalCostByWeight":false,"submapType":""},"rating":{"averageRating":0,"numberOfReviews":0},"salesUnit":"EACH","variantList":[],"isVariantTypeSwatch":false,"brand":null,"manufacturerName":null,"offerId":"FD3AB2A8FB304E70A4940B09B940EE74","fitmentLabel":"","isAtfMarker":false,"sellerId":"F55CDC31AB754BB68FE0B39041159D63","sellerName":"Walmart.com","hasSellerBadge":null,"seller":{"name":"Walmart.com","sellerId":"F55CDC31AB754BB68FE0B39041159D63"},"sponsoredProduct":null},{"__typename":"Product","availabilityStatusDisplayValue":"Out of stock","productLocationDisplayValue":null,"externalInfoUrl":"","canonicalUrl":"/ip/Red-Baron-Pizza-Deep-Dish-Singles-Meat-Trio-2-count-11-20-oz/879347568","canAddToCart":false,"showOptions":false,"description":"\u003cli\u003eRed Baron Deep Dish Singles Meat Trio Pizzas are made with zesty tomato sauce, 100% real cheese, and toppings of pepperoni, sausage, and ham\u003c/li\u003e\u003cli\u003e2 Deep Dish Singles pizzas that are made on our\u003c/li\u003e","flag":"","fulfillmentBadges":[],"fulfillmentBadge":"","fulfillmentSpeed":[],"fulfillmentType":"STORE","id":"5EKQP83IQBX2","usItemId":"879347568","image":"https://i5.walmartimages.com/asr/38b9ee6f-412d-4d26-a7f9-ad7f0c6f32c5_1.3db5595af66f84a1a5b87aea0dc9e96a.jpeg?odnHeight=180\u0026odnWidth=180\u0026odnBg=ffffff","isOutOfStock":true,"esrb":"","mediaRating":"","name":"Red Baron Pizza, Deep Dish Singles Meat Trio, 2 count, 11.20 oz","price":3.48,"preOrder":{"isPreOrder":false,"preOrderMessage":null,"preOrderStreetDateMessage":null},"priceInfo":{"itemPrice":"","linePrice":"$3.48","wasPrice":"","unitPrice":"31.1 ¢/oz","shipPrice":"","minPriceForVariant":"","subscriptionPrice":"","subscriptionString":"","priceDisplayCondition":"","finalCostByWeight":false,"submapType":""},"rating":{"averageRating":0,"numberOfReviews":0},"salesUnit":"EACH","variantList":[],"isVariantTypeSwatch":false,"brand":null,"manufacturerName":null,"offerId":"88D72365EBFE4281996EBFEA21D62913","fitmentLabel":"","isAtfMarker":false,"sellerId":"F55CDC31AB754BB68FE0B39041159D63","sellerName":"Walmart.com","hasSellerBadge":null,"seller":{"name":"Walmart.com","sellerId":"F55CDC31AB754BB68FE0B39041159D63"},"sponsoredProduct":null},{"__typename":"Product","availabilityStatusDisplayValue":"Out of stock","productLocationDisplayValue":null,"externalInfoUrl":"","canonicalUrl":"/ip/Lean-Cuisine-Features-Four-Cheese-Frozen-Pizza-6-oz/10804752","canAddToCart":false,"showOptions":false,"description":"\u003cli\u003eFeed your phenomenal with Lean Cuisine Features Four Cheese Frozen Pizza. This personal pizza features a savory blend of reduced fat mozzarella, Parmesan, asiago \u0026 Romano cheese on a traditional\u003c/li\u003e","flag":"","fulfillmentBadges":[],"fulfillmentBadge":"","fulfillmentSpeed":[],"fulfillmentType":"FC","id":"5QKT9HHON8E8","usItemId":"10804752","image":"https://i5.walmartimages.com/asr/b05a4360-b467-4dca-acd3-75f58521e2aa.6090412f387bc49797268c337c1f319b.jpeg?odnHeight=180\u0026odnWidth=180\u0026odnBg=ffffff","isOutOfStock":true,"esrb":"","mediaRating":"","name":"Lean Cuisine Features Four Cheese Frozen Pizza 6 oz.","price":2.48,"preOrder":{"isPreOrder":false,"preOrderMessage":null,"preOrderStreetDateMessage":null},"priceInfo":{"itemPrice":"","linePrice":"$2.48","wasPrice":"","unitPrice":"41.3 ¢/oz","shipPrice":"","minPriceForVariant":"","subscriptionPrice":"","subscriptionString":"","priceDisplayCondition":"","finalCostByWeight":false,"submapType":""},"rating":{"averageRating":0,"numberOfReviews":0},"salesUnit":"EACH","variantList":[],"isVariantTypeSwatch":false,"brand":null,"manufacturerName":null,"offerId":"E19429FFD3174475B40AD4EAF675038B","fitmentLabel":"","isAtfMarker":false,"sellerId":"F55CDC31AB754BB68FE0B39041159D63","sellerName":"Walmart.com","hasSellerBadge":null,"seller":{"name":"Walmart.com","sellerId":"F55CDC31AB754BB68FE0B39041159D63"},"sponsoredProduct":null},{"__typename":"Product","availabilityStatusDisplayValue":"Out of stock","productLocationDisplayValue":null,"externalInfoUrl":"","canonicalUrl":"/ip/Totino-s-Party-Pizza-Bacon-Pepperoni-10-oz-Pizza-frozen/160641811","canAddToCart":false,"showOptions":false,"description":"\u003cli\u003eThe original crisp crust\u003c/li\u003e\u003cli\u003eMade with 100% real bacon\u003c/li\u003e\u003cli\u003eSame amount of pizza with less packaging and a different shape\u003c/li\u003e","flag":"","fulfillmentBadges":[],"fulfillmentBadge":"","fulfillmentSpeed":[],"fulfillmentType":"STORE","id":"4KIGOVBOYQBL","usItemId":"160641811","image":"https://i5.walmartimages.com/asr/a1349461-fd56-432d-b7ca-4fcf276770b5.36520df6ee226f3bdfa924981a4e8dc1.png?odnHeight=180\u0026odnWidth=180\u0026odnBg=ffffff","isOutOfStock":true,"esrb":"","mediaRating":"","name":"Totino's Party Pizza, Bacon \u0026 Pepperoni, 10 oz Pizza (frozen)","price":1.1,"preOrder":{"isPreOrder":false,"preOrderMessage":null,"preOrderStreetDateMessage":null},"priceInfo":{"itemPrice":"$1.30","linePrice":"$1.10","wasPrice":"$1.30","unitPrice":"11.0 ¢/oz","shipPrice":"","minPriceForVariant":"","subscriptionPrice":"","subscriptionString":"","priceDisplayCondition":"","finalCostByWeight":false,"submapType":""},"rating":{"averageRating":0,"numberOfReviews":0},"salesUnit":"EACH","variantList":[],"isVariantTypeSwatch":false,"brand":null,"manufacturerName":null,"offerId":"22377D721BD54630BC4B0FD3020CB104","fitmentLabel":"","isAtfMarker":false,"sellerId":"F55CDC31AB754BB68FE0B39041159D63","sellerName":"Walmart.com","hasSellerBadge":null,"seller":{"name":"Walmart.com","sellerId":"F55CDC31AB754BB68FE0B39041159D63"},"sponsoredProduct":null},{"__typename":"Product","availabilityStatusDisplayValue":"Out of stock","productLocationDisplayValue":null,"externalInfoUrl":"","canonicalUrl":"/ip/Red-Baron-Four-Cheese-Stuffed-Crust-Pizza-20-67-oz-Box/981698549","canAddToCart":false,"showOptions":false,"description":"\u003cli\u003eRed Baron Stuffed Crust Four Cheese Pizza is made with zesty tomato sauce and melty mozzarella, cheddar, parmesan, and provolone cheese\u003c/li\u003e\u003cli\u003eStuffed Crust that is loaded with rich, melty\u003c/li\u003e","flag":"","fulfillmentBadges":[],"fulfillmentBadge":"","fulfillmentSpeed":[],"fulfillmentType":"STORE","id":"5C1CYLFQC9ES","usItemId":"981698549","image":"https://i5.walmartimages.com/asr/9f23767d-48a0-44f0-914f-debb14753a85.de6e07f6629a44efddf9b9f10da19b2b.jpeg?odnHeight=180\u0026odnWidth=180\u0026odnBg=ffffff","isOutOfStock":true,"esrb":"","mediaRating":"","name":"Red Baron Four Cheese Stuffed Crust Pizza 20.67 oz. Box","price":6.78,"preOrder":{"isPreOrder":false,"preOrderMessage":null,"preOrderStreetDateMessage":null},"priceInfo":{"itemPrice":"","linePrice":"$6.78","wasPrice":"","unitPrice":"32.8 ¢/oz","shipPrice":"","minPriceForVariant":"","subscriptionPrice":"","subscriptionString":"","priceDisplayCondition":"","finalCostByWeight":false,"submapType":""},"rating":{"averageRating":0,"numberOfReviews":0},"salesUnit":"EACH","variantList":[],"isVariantTypeSwatch":false,"brand":null,"manufacturerName":null,"offerId":"BAB34D03353947BE928211B557B11621","fitmentLabel":"","isAtfMarker":false,"sellerId":"F55CDC31AB754BB68FE0B39041159D63","sellerName":"Walmart.com","hasSellerBadge":null,"seller":{"name":"Walmart.com","sellerId":"F55CDC31AB754BB68FE0B39041159D63"},"sponsoredProduct":null},{"__typename":"Product","availabilityStatusDisplayValue":"Out of stock","productLocationDisplayValue":null,"externalInfoUrl":"","canonicalUrl":"/ip/Marketside-Gluten-Free-Cauliflower-Crust-Margherita-Pizza-15-9-oz/316940530","canAddToCart":false,"showOptions":false,"description":"Marketside Cauliflower Margherita Pizza","flag":"","fulfillmentBadges":[],"fulfillmentBadge":"","fulfillmentSpeed":[],"fulfillmentType":"STORE","id":"385UJFQANP0H","usItemId":"316940530","image":"https://i5.walmartimages.com/asr/2d7f8f2d-fb69-4e97-b1e9-6f642eb8379e.da148534297736a040923ee1d6be7f99.jpeg?odnHeight=180\u0026odnWidth=180\u0026odnBg=ffffff","isOutOfStock":true,"esrb":"","mediaRating":"","name":"Marketside Gluten Free Cauliflower Crust Margherita Pizza, 15.9 oz","price":7,"preOrder":{"isPreOrder":false,"preOrderMessage":null,"preOrderStreetDateMessage":null},"priceInfo":{"itemPrice":"","linePrice":"$7.00","wasPrice":"","unitPrice":"44.0 ¢/oz","shipPrice":"","minPriceForVariant":"","subscriptionPrice":"","subscriptionString":"","priceDisplayCondition":"","finalCostByWeight":false,"submapType":""},"rating":{"averageRating":0,"numberOfReviews":0},"salesUnit":"EACH","variantList":[],"isVariantTypeSwatch":false,"brand":null,"manufacturerName":null,"offerId":"77E5BDEBB0DE444FB2B42CA3A7836C22","fitmentLabel":"","isAtfMarker":false,"sellerId":"F55CDC31AB754BB68FE0B39041159D63","sellerName":"Walmart.com","hasSellerBadge":null,"seller":{"name":"Walmart.com","sellerId":"F55CDC31AB754BB68FE0B39041159D63"},"sponsoredProduct":null},{"__typename":"Product","availabilityStatusDisplayValue":"Out of stock","productLocationDisplayValue":null,"externalInfoUrl":"","canonicalUrl":"/ip/Red-Baron-Pizza-French-Bread-Singles-Pepperoni-Value-Pack-6-count-32-40-oz/20897740","canAddToCart":false,"showOptions":false,"description":"\u003cli\u003eRed Baron French Bread Singles Pepperoni Pizza is made with zesty tomato sauce, 100% real cheese, and a hearty topping of pepperoni\u003c/li\u003e\u003cli\u003e2 French Bread Pizzas that are crispy on the outside and\u003c/li\u003e","flag":"","fulfillmentBadges":[],"fulfillmentBadge":"","fulfillmentSpeed":[],"fulfillmentType":"STORE","id":"3NLALA2PPUK5","usItemId":"20897740","image":"https://i5.walmartimages.com/asr/2866eeff-1693-45ff-8668-05828d0d6743_1.8ebf1f8bf3a04db653c6dbd6740c496b.jpeg?odnHeight=180\u0026odnWidth=180\u0026odnBg=ffffff","isOutOfStock":true,"esrb":"","mediaRating":"","name":"Red Baron Pizza, French Bread Singles Pepperoni, Value Pack, 6 count, 32.40 oz","price":9.3,"preOrder":{"isPreOrder":false,"preOrderMessage":null,"preOrderStreetDateMessage":null},"priceInfo":{"itemPrice":"","linePrice":"$9.30","wasPrice":"","unitPrice":"$9.03/lb","shipPrice":"","minPriceForVariant":"","subscriptionPrice":"","subscriptionString":"","priceDisplayCondition":"","finalCostByWeight":false,"submapType":""},"rating":{"averageRating":0,"numberOfReviews":0},"salesUnit":"EACH","variantList":[],"isVariantTypeSwatch":false,"brand":null,"manufacturerName":null,"offerId":"78ADF722738D4B61A708411689185A89","fitmentLabel":"","isAtfMarker":false,"sellerId":"F55CDC31AB754BB68FE0B39041159D63","sellerName":"Walmart.com","hasSellerBadge":null,"seller":{"name":"Walmart.com","sellerId":"F55CDC31AB754BB68FE0B39041159D63"},"sponsoredProduct":null},{"__typename":"Product","availabilityStatusDisplayValue":"Out of stock","productLocationDisplayValue":null,"externalInfoUrl":"","canonicalUrl":"/ip/Lunchables-Pizza-with-Pepperoni-Snack-Kit-4-3-oz-Tray/10452307","canAddToCart":false,"showOptions":false,"description":"\u003cli\u003eLunchable, Lunchables, Lunchables pizza, lunchables pepperoni pizza, pepperoni pizza lunchables, pizza lunchables, lunchables for kids, lunchables without drink, lunchables without dessert,\u003c/li\u003e","flag":"","fulfillmentBadges":[],"fulfillmentBadge":"","fulfillmentSpeed":[],"fulfillmentType":"STORE","id":"0T65YRMDQ1KG","usItemId":"10452307","image":"https://i5.walmartimages.com/asr/9ba0ddf8-042b-40e2-a436-b0b9cb1815d8.41d18a31a5b1af933ed63248c2d7c210.jpeg?odnHeight=180\u0026odnWidth=180\u0026odnBg=ffffff","isOutOfStock":true,"esrb":"","mediaRating":"","name":"Lunchables Pizza with Pepperoni Snack Kit, 4.3 oz Tray","price":1.48,"preOrder":{"isPreOrder":false,"preOrderMessage":null,"preOrderStreetDateMessage":null},"priceInfo":{"itemPrice":"","linePrice":"$1.48","wasPrice":"","unitPrice":"34.4 ¢/oz","shipPrice":"","minPriceForVariant":"","subscriptionPrice":"","subscriptionString":"","priceDisplayCondition":"","finalCostByWeight":false,"submapType":""},"rating":{"averageRating":0,"numberOfReviews":0},"salesUnit":"EACH","variantList":[],"isVariantTypeSwatch":false,"brand":null,"manufacturerName":null,"offerId":"68E15DD2888D4EC7B1899355AE8139E4","fitmentLabel":"","isAtfMarker":false,"sellerId":"F55CDC31AB754BB68FE0B39041159D63","sellerName":"Walmart.com","hasSellerBadge":null,"seller":{"name":"Walmart.com","sellerId":"F55CDC31AB754BB68FE0B39041159D63"},"sponsoredProduct":null},{"__typename":"Product","availabilityStatusDisplayValue":"Out of stock","productLocationDisplayValue":null,"externalInfoUrl":"","canonicalUrl":"/ip/Freschetta-Kitchen-Fresh-Pizza-Pepperoni-and-Mozarella-Cheese-Pizza-17-78-oz/47183367","canAddToCart":false,"showOptions":false,"description":"\u003cli\u003eA great-tasting pizza\u003c/li\u003e\u003cli\u003eREAL Seal Certified\u003c/li\u003e","flag":"","fulfillmentBadges":[],"fulfillmentBadge":"","fulfillmentSpeed":[],"fulfillmentType":"STORE","id":"6KPOPVPINZR2","usItemId":"47183367","image":"https://i5.walmartimages.com/asr/1e65d5b7-15c2-4876-8c6e-68200a04e70b.0d7ed6da0d114b65216c732a0d8a37d1.jpeg?odnHeight=180\u0026odnWidth=180\u0026odnBg=ffffff","isOutOfStock":true,"esrb":"","mediaRating":"","name":"Freschetta Kitchen Fresh Pizza Pepperoni and Mozarella Cheese Pizza, 17.78 oz","price":8.48,"preOrder":{"isPreOrder":false,"preOrderMessage":null,"preOrderStreetDateMessage":null},"priceInfo":{"itemPrice":"$9.98","linePrice":"$8.48","wasPrice":"$9.98","unitPrice":"47.7 ¢/oz","shipPrice":"","minPriceForVariant":"","subscriptionPrice":"","subscriptionString":"","priceDisplayCondition":"","finalCostByWeight":false,"submapType":""},"rating":{"averageRating":0,"numberOfReviews":0},"salesUnit":"EACH","variantList":[],"isVariantTypeSwatch":false,"brand":null,"manufacturerName":null,"offerId":"DD888E44D1CE413BA01AC69815FC96EE","fitmentLabel":"","isAtfMarker":false,"sellerId":"F55CDC31AB754BB68FE0B39041159D63","sellerName":"Walmart.com","hasSellerBadge":null,"seller":{"name":"Walmart.com","sellerId":"F55CDC31AB754BB68FE0B39041159D63"},"sponsoredProduct":null}],"layoutEnum":"GRID"}],"pageMetadata":{"title":"pizza","canonical":null,"description":null,"location":{"addressId":""}},"paginationV2":{"maxPage":5,"pageProperties":{"ps":"40","spelling":"true","stores":"999","grid":"true","query":"pizza","cat_id":"0","page":"3","sort":"best_match","displayGuidedNav":true,"affinityOverride":"store_led"}},"spelling":{"correctedTerm":null},"requestContext":{"isFitmentFilterQueryApplied":false,"searchMatchType":"{\"dept\":\"/976759/976791/5774679/3790397\",\"g\":\"S\",\"s\":\"b\",\"trf\":\"ht\",\"p\":1,\"as\":\"o|190339|3\",\"qcr\":\"ht\",\"eo\":\"N\",\"id\":\"h0y5nYJjcAxcuhMMVVEvDGq5DNfJUqEnWsPF\",\"css\":\"0|0|0|0\",\"cs\":false,\"ppABTest\":true}","categories":null},"errorResponse":{"correlationId":"3OfHcaN2Vdh-41Fka6TRdbDnGcSnjK9ffTij","source":"sis","errors":[]},"modules":null,"count":38,"gridItemsCount":38,"catInfo":{"catId":"/976759/976791/5774679/3790397","name":""}},"pageMetadata":{"location":{"postalCode":"78242","stateOrProvinceCode":"TX","city":"San Antonio","storeId":"999"},"pageContext":{"searchNormalize":{"normalized_query":"pizza","original_query":"pizza","rewritten_query":"pizza","specificity":"broad","top_query_cat_path":"/976759/976791/5774679/3790397","top_query_cat_path_name":"/Food/Frozen Foods/Frozen Pizza, Pasta, \u0026 Breads/Frozen Meat Pizzas","analytics_log":{"fe_log":{"tq":1,"dept":"/976759/976791/5774679/3790397","g":"S","s":"b","trf":"ht"}}}}}},"initialSearchQueryVariables":{"id":"","affinityOverride":"store_led","dealsId":"","query":"pizza","page":3,"prg":"desktop","catId":"","facet":"","sort":"best_match","rawFacet":"","seoPath":"","ps":40,"ptss":"","trsp":"","beShelfId":"","recall_set":"","module_search":"","min_price":"","max_price":"","storeSlotBooked":"","additionalQueryParams":null,"fitmentFieldParams":null,"fitmentSearchParams":{"id":"","affinityOverride":"store_led","dealsId":"","query":"pizza","page":3,"prg":"desktop","catId":"","facet":"","sort":"best_match","rawFacet":"","seoPath":"","ps":40,"ptss":"","trsp":"","beShelfId":"","recall_set":"","module_search":"","min_price":"","max_price":"","storeSlotBooked":"","additionalQueryParams":null,"cat_id":"","_be_shelf_id":""},"fetchMarquee":true,"fetchSkyline":true,"fetchSbaTop":true},"psych":{"isMobile":false,"isBot":false},"isomorphicSessionId":"Ouizc-cFmEznUkOuc_nJh","trace":{"traceId":"00000000000000000000000000000000","spanId":"0000000000000000","traceFlags":0},"isCaching":false,"queryContextCacheId":3295,"bootstrapData":{"account":{"data":{"account":null}},"cart":null,"header":{"data":{"contentLayout":{"modules":[{"name":"Console GlobalAlertBar Module","type":"GlobalAlertBar","matchedTrigger":{"zone":"alertBar"},"configs":{"athenaEnabled":"False","alertBar":{"iconName":null,"text":"Console event to be rescheduled.","link":{"linkText":"Visit home","title":"Visit home","clickThrough":{"value":"/"},"uid":"bjP9kr_i"}}}}],"layouts":[]}},"headers":{}},"footer":{"data":{"location":{"status":true,"postalCode":"78242","nodeId":"999","errors":[],"shippingAddress":{"addressId":null,"addressLineOne":null,"addressLineTwo":null,"city":"San Antonio","stateOrProvinceCode":"TX","postalCode":"78242"},"pickupNode":{"nodeId":"999","displayName":"San Antonio Supercenter","addressLineOne":"7239 Sw Loop 410","city":"San Antonio","stateOrProvinceCode":"TX","postalCode":"78242"}},"contentLayout":{"modules":[{"name":"GlobalFooterLinks Module,","type":"GlobalFooterLinks","matchedTrigger":{"zone":"footerZone1"},"configs":{"subLinks":[{"link":{"linkText":"Privacy \u0026 Security","title":"Privacy \u0026 Security","clickThrough":{"type":"url","value":"https://corporate.walmart.com/privacy-security","rawValue":"https://corporate.walmart.com/privacy-security"},"uid":"v8SRLDKw"},"isSFLink":"False","openInNewTab":"True"},{"link":{"linkText":"CA Privacy Rights","title":"CA Privacy Rights","clickThrough":{"type":"url","value":"https://corporate.walmart.com/privacy-security/california-privacy-rights","rawValue":"https://corporate.walmart.com/privacy-security/california-privacy-rights"},"uid":"9Ni6sNcm"},"isSFLink":"True","openInNewTab":"True"},{"link":{"linkText":"Do Not Sell My Personal Information","title":"Do Not Sell My Personal Information","clickThrough":{"type":"url","value":"https://www.walmart.com/account/api/ccpa-intake?native=false\u0026app=gm\u0026type=sod","rawValue":"https://www.walmart.com/account/api/ccpa-intake?native=false\u0026app=gm\u0026type=sod"},"uid":"1EAiCJOO"},"isSFLink":"True","openInNewTab":"True"},{"link":{"linkText":"Request My Personal Information","title":"Request My Personal Information","clickThrough":{"type":"url","value":"https://www.walmart.com/account/api/ccpa-intake?native=false\u0026app=gm\u0026type=access","rawValue":"https://www.walmart.com/account/api/ccpa-intake?native=false\u0026app=gm\u0026type=access"},"uid":"vNAKHfwt"},"isSFLink":"True","openInNewTab":"True"},{"link":{"linkText":"Help","title":"Help","clickThrough":{"type":"url","value":"/help","rawValue":"/help"},"uid":"3Owhn3cK"},"isSFLink":"False","openInNewTab":"False"},{"link":{"linkText":"Terms of Use","title":"Terms of Use","clickThrough":{"type":"url","value":"/help/article/walmart-com-terms-of-use/3b75080af40340d6bbd596f116fae5a0","rawValue":"/help/article/walmart-com-terms-of-use/3b75080af40340d6bbd596f116fae5a0"},"uid":"0zMqEcVI"},"isSFLink":"False","openInNewTab":"False"},{"link":{"linkText":"All Departments","title":"All Departments","clickThrough":{"type":"url","value":"/all-departments","rawValue":"/all-departments"},"uid":"zuC8vwt4"},"isSFLink":"False","openInNewTab":"False"},{"link":{"linkText":"Store Directory","title":"Store Directory","clickThrough":{"type":"url","value":"/store/directory","rawValue":"/store/directory"},"uid":"H35X2opY"},"isSFLink":"False","openInNewTab":"False"}]}}],"layouts":[]}},"headers":{}},"cv":{"account":{"_all_":{"vuduLibraryUrl":"https://video.walmart.com/content/account/purchasehistory","registriesUrl":"/my-registries","enableGoogleAutoComplete":true,"enableMyItemsMenu":true,"enablePostalCodeMessage":false,"enableLocationAutoComplete":true,"eBookUrl":"https://www.walmart.com/account/redirect/kobo?page=library","enableAccountWallet":true,"isInHomeEnabled":true,"enableAccountMWeb":true,"walmartPlusUrl":"https://www.walmart.com/grocery/account/plus/overview","enablePostalCodeOnly":false,"listsUrl":"/lists","placeholder":1,"enableWalmartPlus":true,"itemSubscriptionUrl":"https://www.walmart.com/m/deals/subscriptions/manage","communicationAndPrivacyUrl":"/account/communications-and-privacy","enableWalmartPlusPreference":true,"walmartAssociateUrl":"https://www.walmart.com/account/associate-discount","pharmacyUrl":"https://www.walmart.com/pharmacy/dashboard","enableFeatureCommsAndPrivacy":true,"protectionPlanUrl":"/protection-plans","reorderUrl":"https://www.walmart.com/my-items","enableAvsOverride":true,"shouldUpdateCartAfterUpdateZipcode":true,"isFCShippingEnabled":true,"enableItemSubscription":true,"enableInHomeAddress":true}},"cart":{"_all_":{"enableOmniPromise":true,"enableWirelessPostpaid":true,"enableCapOne":true,"enableItemUpdates":true,"sflCountPerPagination":20,"enableFulfillmentHeadersV2":true,"enableWalmartPlusIntegratedSignUp":false,"enablePartialCheckout":true,"enableItemSwitchableBadge":true,"enableInHomeDelivery":true,"enableLastCall":true,"enableOOSHotFix":true,"enableATCOptimization":true,"enablePAC":true,"enableGXOSignInNudge":true,"enableSigninBenefits":true,"enableCapOneRewards":true,"enableWplusFulfillmentBanner":true,"enableGuestCheckout":true,"enablePartialSwitchModuleLevel":true,"enableCallouts":true,"initialSFLCount":10,"enableAffirm":true,"enableItemNotSwitchableBadge":true,"enableEbt":true,"enableWplus":true,"enableSFL":true,"enableCXOPrefetch":true,"enableItemSwitchableTempBadge":false,"enableCarePlansAndHomeServices":true,"enableRegistry":true,"enableStoreSnackBarMessage":false,"enableShippingIntent":true}},"bookslot":{"_all_":{"enableStoreHours":true,"hideStoreChooserDefaultAlert":true,"enableWirelessPostpaid":true,"walmartPlusFreeDelivery":true,"tempoCacheExpirationInSeconds":300,"enableWalmartPlusIntegratedSignUp":true,"hidePickupSlotPrice":true,"alcoholRestrictedSlotsFilterEnable":true,"enableBlockRegistrantAddressDelivery":true,"enableFulfillmentIntent":true,"enableInHomeSlotsQueryHeader":true,"mergeSlotsEnable":true,"enablePickupOnShippingIntent":true,"enableWalmartPlus":true,"nodeSelectableOnlineEnable":true}},"header":{"_all_":{"isAlertBarEnabled":false,"calloutViewsPerIdPerBSTC":1,"calloutViewsPerIdPerVTC":2,"maxCalloutsPerBSTC":4,"showOptOut":true,"calloutsEnabled":true,"showAddressLineOne":true}},"pulse":{"_all_":{"alwaysAllowedTagList":"","logLevel":"info","enableV1Schema":true,"enableQuantumMetric":true}},"footer":{"_all_":{"enableXOFeedback":true,"hideGiveFeedbackSection":true}},"shared":{"_all_":{"legacySiteNGRedirectEnabled":false,"legacySiteInhomeRedirectEnabled":false,"helpLinkReturnRefunds":"https://www.walmart.com/help/channel/returns-and-refunds/5a33a1f61af8479e9d1bd8b727e9e761","legacySiteDirectspendingRedirectEnabled":false,"legacySiteEbtRedirectEnabled":false,"enableWaitingHallway":true,"disableGetCartSSR":true,"helpLinkStorePurchase":"https://www.walmart.com/help/article/view-store-purchases/f56a1afbf3b5428bb69f0124daa49108","beaconWithQuantumMetrics":true,"helpLinkMobileAlertsTerms":"https://www.walmart.com/help/article/mobile-alerts-terms-of-use/499122d9bba94d08b50e8facf42fcc82","bookSlotPersistentFilterEnable":false,"helpLinkMPReturnPolicy":"https://www.walmart.com/help/article/walmart-marketplace-return-policy/63c3566a9d3546858582acae2fbfdb7e","helpLinkTermsOfUse":"https://www.walmart.com/help/article/walmart-com-terms-of-use/3b75080af40340d6bbd596f116fae5a0"}},"ads":{"_all_":{"spMq2Measure3PEnable":true,"adResponseBeaconEnable":true,"spMq2Measure1PEnable":true,"ipMq1RenderEnable":true,"ipSkReqEnable":true,"bpMq2Measure1PEnable":true,"measure3PImpEnable":true,"cacheBusterTimeDiffMs":180000,"bpSkReqEnable":true,"bpMq2ReqEnable":true,"spMq1RenderEnable":true,"bpSkMeasure1PEnable":true,"bpSkMeasure3PEnable":true,"spMq2RenderEnable":true,"ipSpc2Measure1PEnable":true,"hpMq1Measure1PEnable":true,"hpMq1Measure3PEnable":true,"spSkRenderEnable":true,"bpSpc1ReqEnable":true,"bpMq1ReqEnable":true,"displayAddlInfo":false,"displayCheckIp":true,"bpMq1RenderEnable":true,"hpMq2RenderEnable":true,"moatIvt":"https://www.walmart.com/swag/v2/ip-rd","bpMq2RenderEnable":true,"hpMq1RenderEnable":true,"ipSpc2ReqEnable":true,"spSkMeasure1PEnable":true,"displaySbaLogospQs":false,"spSkMeasure3PEnable":true,"bpSpc1Measure1PEnable":true,"spMq1Measure1PEnable":true,"hpP3NMeasure1PEnable":true,"ipSkMeasure1PEnable":true,"spMq1Measure3PEnable":true,"bpMq1Measure1PEnable":true,"ipSpc1ReqEnable":true,"spMq2ReqEnable":true,"bpSkRenderEnable":true,"ipMq1Measure3PEnable":true,"ipMq1Measure1PEnable":true,"spSkReqEnable":true,"displayPreviousRenderCheck":false,"safeframeURL":"https://i5.walmartimages.com/dfw/63fd9f59-d6ba/07b8ea82-184c-4ea3-8ac0-5dc1981e40c8/v33/safeframe.html","hpMq1ReqEnable":true,"bpMq1Measure3PEnable":true,"ipSpc1Measure1PEnable":true,"bpBigMeasure1PEnable":true,"ipSkMeasure3PEnable":true,"ipMq1ReqEnable":true,"ipMq2Measure1PEnable":true,"ipMq2Measure3PEnable":true,"hpMq2Measure3PEnable":true,"hpMq2Measure1PEnable":true,"spMq1ReqEnable":true,"spSpc1ReqEnable":true,"ipP3NMeasure1PEnable":true,"bpMq2Measure3PEnable":true,"blockInternal":true,"ipSkRenderEnable":true,"hpMq2ReqEnable":true,"ipMq2ReqEnable":true,"spSpc1Measure1PEnable":true,"ipMq2RenderEnable":true}},"search":{"_all_":{"enableExternalInfoUrl":true,"fetchItemsV2Enable":true,"fitmentModulesEnable":true,"bannerModulesEnable":true,"searchPersistentFilterEnable":false,"enableFulfillmentMethodDemo":true,"clientFetchTimeoutMs":15000,"fetchTimeoutMs":7000,"bookSlotPersistentFilterEnable":false,"postProcessedQueryEnable":true,"imageSizeEnum":"3","seoModulesEnable":true,"partialRenderEnable":true}}}},"enableGqlCsrRedirect":true,"nonce":"85BURRrNrX9FBnc9"}},"page":"/search","query":{"q":"pizza","page":"3","affinityOverride":"store_led"},"buildId":"production_20211006T193458787Z","assetPrefix":"https://i5.walmartimages.com/dfw/63fd9f59-7f10/f39d4daf-be64-4c7a-b470-b7275856c4da/v2","runtimeConfig":{"appVersion":"main-110-79cb6e","appSha":"79cb6ee2d0ac37eb0a9a8100e45f28acfeeaf177","profile":"production","tmxOrgId":"hgy2n0ks","dataCenter":"scus","tenant":"WM_GLASS","queryContext":{"appVersion":"main-110-79cb6e","isPerimeterXTest":false,"gql":{"endpointsByName":{"cecxo":"/orchestra/cartxo/graphql","cecph":"/orchestra/cph/graphql","ceorders":"/orchestra/orders/graphql","cegateway":"/orchestra/home/graphql"}},"rest":{"endpointsByName":{"ceaccount":"/orchestra/api/account","ceidentity":"/orchestra/account/electrode/api/identity","cereturns":"/orchestra/api/returns","cehelp":"/orchestra/help/api","typeahead":"/typeahead/v3/complete","espvalidation":"/esp/prepaid/v1/plans","warppaymentoptions":"/orchestra/api/online/variantbasic/item","ceccm":"/orchestra/api/ccm/v1/bootstrap","cewireless":"/orchestra/api/wireless","cewarp":"/orchestra/api/warp"}}},"isDev":false,"enableLatencyTrace":true,"enablePersistedQueries":false,"mockURL":"http://mock-backend.dev.walmart.com/","mock":true,"moatIvt":"https://i5.walmartimages.com/dfw/4ff9c6c9-2dd1/k2-_8b2f2d93-4e1f-454a-95b1-a9b26af853b2.v1.js","endpointMappings":{"operations":{"query configuration":"cegateway","query ContentPage":"cegateway","query checkItemCartEligibility":"cecxo","mutation MergeAndGetCart":"cecxo","query getGuestOrder":"cegateway","query PurchaseHistory":"cecph","mutation NotifyCapOneBannerSnooze":"cegateway","mutation CancelOrder":"cecph","query LastCallPage":"cegateway","query GetCommPreference":"cegateway","query PurchasedProtectionPlans":"cecph","query ProtectionPlanDetail":"cecph"},"queryStrings":{"step=cart":"cecxo","step=bookslot":"cecxo","entitytype=*":"ceorders","state=*":"ceorders","source=*":"ceorders"},"pages":{"*":"cegateway","/":"cegateway","/404":"cegateway","/account/*":"cegateway","/all-departments":"cegateway","/browse/*":"cegateway","/c/[...seo]":"cegateway","/ci-control":"cegateway","/cp/[...categoryParams]":"cegateway","/content/[...categoryParams]":"cegateway","/help/*":"cegateway","/ip/[...itemParams]":"cegateway","/lists/*":"cegateway","/my-items":"cegateway","/my-registries":"cegateway","/shop/*":"cegateway","/shop/[...seo]":"cegateway","/nonprofits/*":"cegateway","/orders/*":"ceorders","/partner/plus/[promoId]/*":"cegateway","/plus/*":"cegateway","/product/[...itemParams]":"cegateway","/registry/*":"cegateway","/reviews/*":"cegateway","/search/*":"cegateway","/seller/*":"cegateway","/services":"cegateway","/thankyou":"cecxo","/topic/[...seo]":"cegateway","/tp/*":"cegateway","/update-payment-method-form":"cegateway","/update-payment-method":"cegateway","/wallet/associate-discount":"cegateway"}},"googleMaps":{"checkAddressAPIKey":"AIzaSyCX5gh3yoq4316wUDxRpljFOwWA6_-BEMg","addressAPIKey":"AIzaSyBIAnB1a3UejjFVRNtszhaEE8yrKySRTEo","geoCodingAPIKey":"AIzaSyBvv63fBVZ1RtNJLGkN9XCFE1WfVl0o1HY"},"perimeterX":{"enable":true,"initScript":"https://www.walmart.com/px/PXu6b0qd2S/init.js"},"pulseBeacon":{"enable":true,"hostname":"i5.walmartimages.com","bd":"beacon.walmart.com","bh":"beacon.lightestwithqm.walmart.com","hostWithQM":"beacon.lightestwithqm.walmart.com","hostWithoutQM":"beacon.lightest.walmart.com"},"threatMetrix":{"enable":true},"paymentsPageUrl":"https://wallet.walmart.com/payments?wv=main"},"isFallback":false,"dynamicIds":[20114,51923,20513,18350,71484,7965,69467,86107],"customServer":true,"gip":true,"appGip":true,"locale":"en","locales":["en"],"defaultLocale":"en","scriptLoader":[]}</script><script src="//i5.walmartimages.com/a14/cdn-doms-usgm.js" nonce="85BURRrNrX9FBnc9"></script><script async="async" defer="defer" src="//i5.walmartimages.com/a14/cdn-perf.min.js" nonce="85BURRrNrX9FBnc9"></script><script nonce="85BURRrNrX9FBnc9">window.SW_DOMAIN = "walmart.com"</script><script nonce="85BURRrNrX9FBnc9">(function(e){var t=e.document;BOOMR=e.BOOMR||{};BOOMR.plugins=BOOMR.plugins||{};var n={localStorageTestKey:"TorbitLSTest",pageTags:[],pageConversions:[],initHasRun:false};BOOMR.plugins.pageMeta={init:function(r){initHasRun=true;try{localStorage.setItem(n.localStorageTestKey,n.localStorageTestKey);localStorage.removeItem(n.localStorageTestKey);BOOMR.addVar("ls",1)}catch(i){BOOMR.addVar("ls",0)}if(e.location.protocol=="https:")BOOMR.addVar("prt",1);else BOOMR.addVar("prt",0);BOOMR.addVar("ref",t.referrer);if(e.performance&&e.performance.memory){for(m_name in e.performance.memory){if(e.performance.memory.hasOwnProperty(m_name)){BOOMR.addVar(m_name,e.performance.memory[m_name])}}}BOOMR.addVar("wH",e.innerHeight||t.body.clientHeight||t.documentElement.clientHeight);BOOMR.addVar("tags",n.pageTags.join("|"));return this},addTag:function(e){n.pageTags.push(e);if(!n.initHasRun){return}BOOMR.addVar("tags",n.pageTags.join("|"))},addConversion:function(e,t){var r=e;if(t&&(t>0||t.length>0))r=e+"="+t;n.pageConversions.push(r);BOOMR.addVar("conversion",n.pageConversions.join("|"))},is_complete:function(){return true}}})(window);(function(e){try{e._tbq=e._tbq||[];_tbq.push=function(e){if(e.length<1||!e[0])return;switch(e[0]){case"tag":if(e.length<2)return;BOOMR.plugins.pageMeta.addTag(e[1]);break;case"startTimer":if(e.length<2)return;BOOMR.plugins.customEvents.startTimer(e[1]);break;case"endTimer":if(e.length<2)return;BOOMR.plugins.customEvents.endTimer(e[1]);break}};for(i in _tbq){if(_tbq.hasOwnProperty(i)&&i!="push"){_tbq.push(_tbq[i]);delete _tbq[i]}}}catch(t){}})(window);</script><script nonce="85BURRrNrX9FBnc9">    window.globalPluginDefinitions = window.globalPluginDefinitions || [];
  </script><script nonce="85BURRrNrX9FBnc9">    window.globalWorkerMessages = window.globalWorkerMessages || [];
  </script><script nonce="85BURRrNrX9FBnc9">    window.globalPluginDefinitions.push('https://www.walmart.com/sw-plugins/eperf-optimized-assets-original-url.8b53f51b.js');
  </script><script nonce="85BURRrNrX9FBnc9">    window.globalWorkerMessages.push({
      command: 'SET_PLUGIN_FILTER',
      data: {
        name: 'eperf-optimized-assets-original-url',
        filter: {
      type: "url-host",
      value: "i5.walmartimages.com"
    }      }
    });
  </script><script nonce="85BURRrNrX9FBnc9">    window.globalWorkerMessages.push({
      command: 'SET_PLUGIN_STATE',
      data:{
        name:'eperf-optimized-assets-original-url',
        state:'ENABLED'
      }
    });
  </script><script nonce="85BURRrNrX9FBnc9">window.globalPluginDefinitions = window.globalPluginDefinitions || [];window.globalWorkerMessages = window.globalWorkerMessages || [];window.globalPluginDefinitions.push('https://www.walmart.com/sw-plugins/eperf-optimized-assets-metric.6524ad95.js');window.globalWorkerMessages.push({command: 'SET_PLUGIN_FILTER',data: {name: 'eperf-optimized-assets-metric',filter: {type: "and",value: [{type: "or",value: ["i5.walmartimages.com", "i5.wal.co"].map(function(host) {return { type: "url-host", value: host };})},{ type: "sample", value: 0.01 }]}}});window.globalWorkerMessages.push({command: 'SET_PLUGIN_STATE',data:{name:'eperf-optimized-assets-metric',state:'ENABLED',filter: undefined}});window.globalPluginDefinitions.push('https://www.walmart.com/sw-plugins/eperf-optimization-metrics.a586fd7d.js');window.globalWorkerMessages.push({command: 'SET_PLUGIN_FILTER',data: {name: 'eperf-optimization-metrics',filter: {type: "and",value: [{ type: "url-host", value: "i5.walmartimages.com" },{ type: "sample", value: 0.01 }]}}});window.globalWorkerMessages.push({command: 'SET_PLUGIN_STATE',data:{name:'eperf-optimization-metrics',state:'ENABLED',filter: undefined}});window.globalPluginDefinitions.push('https://www.walmart.com/sw-plugins/ecdn-cdn-perf.6524ad95.js');window.globalWorkerMessages.push({command: 'SET_PLUGIN_FILTER',data: {name: 'ecdn-cdn-perf',filter: {type: "and",value: [{ type: "url-host", value: "i5.walmartimages.com" },{ type: "sample", value: 0.01 }]}}});window.globalWorkerMessages.push({command: 'SET_PLUGIN_STATE',data:{name:'ecdn-cdn-perf',state:'ENABLED',filter: undefined}});window.globalPluginDefinitions.push('https://www.walmart.com/sw-plugins/ecdn-cache-status.fe7aa234.js');window.globalWorkerMessages.push({command: 'SET_PLUGIN_FILTER',data: {name: 'ecdn-cache-status',filter: {type: "and",value: [{ type: "url-host", value: "i5.walmartimages.com" },{ type: "sample", value: 0.01 }]}}});window.globalWorkerMessages.push({command: 'SET_PLUGIN_STATE',data:{name:'ecdn-cache-status',state:'ENABLED',filter: undefined}});window.globalPluginDefinitions.push('https://www.walmart.com/sw-plugins/grocery-pwa.5725d7c8.js');window.globalWorkerMessages.push({command: 'SET_PLUGIN_STATE',data:{name:'grocery-pwa',state:'ENABLED',filter: {type: "url-path",value: new RegExp("^/grocery")}}});</script><script nonce="85BURRrNrX9FBnc9">window.globalPluginDefinitions.push('https://www.walmart.com/sw-plugins/latency-tracker.ff42f3d6.js');window.globalWorkerMessages.push({command: 'SET_PLUGIN_FILTER',data: {name: 'latency-tracker',filter: {type: "and",value: [{ type: "url-host", value: "www.walmart.com" },{type: "or",value: [{type: "and",value: [{ type: "method", value: "GET" },{ type: "sample", value: 0.05 }]},{type: "and",value: [{ type: "method", value: "POST" },{ type: "url-path", value: new RegExp("^/orchestra") }]}]}]}}});window.globalWorkerMessages.push({command: 'SET_PLUGIN_STATE',data:{name:'latency-tracker',state:'ENABLED',filter: undefined}});</script><script nonce="85BURRrNrX9FBnc9">window.globalWorkerMessages = window.globalWorkerMessages || [];var patch = {environment: "prod",publish_sampling_rate: 0.01,navigation_preload: "enabled",status_check_url: "https://t3.wal.co/sw/status",status_check_interval_ms: 300000,min_required_memory_gb: 8};window.SERVICE_WORKER_CONFIGURATION = !!window.SERVICE_WORKER_CONFIGURATION? Object.assign(window.SERVICE_WORKER_CONFIGURATION, patch): patch;window.globalWorkerMessages.push({command: 'SET_GLOBAL_FILTER',data: {filter: {type: "or",value: [{ type: "url-host", value: "i5.walmartimages.com" },{ type: "url-host", value: "i5.wal.co" },{ type: "url-host", value: "www.walmart.com" },{type: "and",value: [{ type: "referrer-path", value: new RegExp("^/grocery") },{ type: "url-path", value: new RegExp("^/grocery") }]}]}}});</script><script async="async" defer="defer" src="/sw-register.js" nonce="85BURRrNrX9FBnc9"></script><script nonce="85BURRrNrX9FBnc9">window._pxAppId = 'PXu6b0qd2S'</script><script async="async" defer="defer" src="/px/PXu6b0qd2S/init.js" nonce="85BURRrNrX9FBnc9"></script></body></html>